Account Number               :	_00000033001215401
Description                  :	CURRENT A/C - COLLECTION A/C
Name                         :	MANA PRISTINE FLAT OWNERS WELFARE ASSOCIATION               
Currency                     :	INR
Corporate Address            :	SY NO.31/38/6, CHIKKENAHALLI MAIN ROAD,OFF SARJAPUR ROAD
                              	
                              	BANGALORE
                              	KARNATAKA-560035
Branch                       :	KASAVANAHALLI(32295)
Rate of Interest (% p.a.)    :	0.0% 
IFS Code                     :	SBIN0032295
Book Balance                 :	182941.50
Available Balance            :	182941.50
Hold Value                   :	0.00
MOD Balance             :	0.00
Uncleared Amount             :	0.00
Balance on 1 Apr 2024        :	3,39,670.22
Start Date                   :	1 Apr 2024
End Date                     :	30 Apr 2024
Txn Date	Value Date	Description	Ref No./Cheque No.	Branch Code	        Debit	Credit	Balance	
02/04/2024	02/04/2024	   BY TRANSFER-NEFT*UTIB0000248*AXCT409262844567*SAMRAT KAR*--	TRANSFER FROM 4697198044309 / 	4430	 	5500.00	345170.22
02/04/2024	02/04/2024	   BY TRANSFER-NEFT*UTIB0000194*AXISCN0571304300*NOBR*FlatT08AptA--	TRANSFER FROM 4698195044304 / 	4430	 	5535.00	350705.22
04/04/2024	04/04/2024	TO CLEARING-Chq No. 452463 AXS   KEDIA ARPANA  CO--452463	 / 452463	40743	60000.00	 	290705.22
04/04/2024	04/04/2024	   BY TRANSFER-NEFT*HDFC0000001*N095242969005156*ABHISHEK SHRAWAN--	TRANSFER FROM 4698213044307 / 	4430	 	20000.00	310705.22
04/04/2024	04/04/2024	   BY TRANSFER-NEFT*UTIB0000194*AXISCN0574318727*NOBR*FlatT04AptA--	TRANSFER FROM 4697183044306 / 	4430	 	5873.00	316578.22
04/04/2024	04/04/2024	   BY TRANSFER-NEFT*ICIC0SF0002*HS92409539108851*MANAS DASGUPTA*S--	TRANSFER FROM 4698175044308 / 	4430	 	5948.00	322526.22
05/04/2024	05/04/2024	   BY TRANSFER-NEFT*ICIC0SF0002*HS92409639252196*KOTESWARARAOMARP--	TRANSFER FROM 4698214044306 / 	4430	 	40000.00	362526.22
05/04/2024	05/04/2024	TO CLEARING-Chq No. 452460 FBL   AJITHANATHMULTIPURPOS--452460	 / 452460	40743	5000.00	 	357526.22
05/04/2024	05/04/2024	   BY TRANSFER-NEFT*ICIC0SF0002*HS92409639266227*SURENDRANATH BEH--	TRANSFER FROM 3199413044306 / 	4430	 	4885.00	362411.22
06/04/2024	06/04/2024	   BY TRANSFER-INB Maintenance Charges--	IT00UVTAW3               TRANSFER FROM 10458393278                          MAJ PRASENJIT CHAKRAV / 	99922	 	4038.00	366449.22
06/04/2024	06/04/2024	   BY TRANSFER-INB IMPS409719387435/9442827674/XX6747/G16DuesFeb--	MAO000087800885          MAO000087800885          TRANSFER FROM 4898030162099 / 	99922	 	8306.00	374755.22
07/04/2024	07/04/2024	   BY TRANSFER-NEFT*HDFC0000001*N097242976578339*VINYAS RAMACHAND--	TRANSFER FROM 4698179044304 / 	4430	 	3970.00	378725.22
07/04/2024	07/04/2024	   BY TRANSFER-NEFT*UTIB0000194*AXISCN0577358043*NOBR*FlatT09AptA--	TRANSFER FROM 4698194044305 / 	4430	 	4520.00	383245.22
07/04/2024	07/04/2024	   BY TRANSFER-NEFT*UTIB0000194*AXISCN0578053789*NOBR*FlatS12AptA--	TRANSFER FROM 4698185044306 / 	4430	 	4337.00	387582.22
07/04/2024	07/04/2024	   BY TRANSFER-NEFT*UTIB0000194*AXISCN0578147648*NOBR*FlatF09AptA--	TRANSFER FROM 3199410044308 / 	4430	 	4391.00	391973.22
07/04/2024	07/04/2024	   BY TRANSFER-NEFT*UTIB0000194*AXISCN0578174278*NOBR*FlatF08AptA--	TRANSFER FROM 4698164044301 / 	4430	 	4575.00	396548.22
07/04/2024	07/04/2024	   BY TRANSFER-NEFT*UTIB0000423*AXOMB09863585824*IYER GANESH BALA--	TRANSFER FROM 4698184044307 / 	4430	 	9284.00	405832.22
08/04/2024	08/04/2024	   BY TRANSFER-NEFT*UTIB0000248*AXCT409963271578*VIMAL N K*--	TRANSFER FROM 3199413044306 / 	4430	 	4600.00	410432.22
08/04/2024	08/04/2024	   BY TRANSFER-SBILT08042024103832046155-G10 maintenanc--	TRANSFER FROM 33028750866                         Mr. CIJO  JACOB / 	71104	 	11040.00	421472.22
08/04/2024	08/04/2024	CHEQUE WDL-  RAJU D--452469	TRANSFER FROM 32430881220                         Mr. D  RAJU / 452469	32295	15000.00	 	406472.22
08/04/2024	08/04/2024	CHEQUE WDL-  RAJU D--452470	TRANSFER FROM 32430881220                         Mr. D  RAJU / 452470	32295	3300.00	 	403172.22
08/04/2024	08/04/2024	CASH CHEQUE-CASH WITHDRAWAL BY CHQ--452474	 / 452474	32295	10000.00	 	393172.22
08/04/2024	08/04/2024	   BY TRANSFER-INB G13 Mar 2024--	IT00UWLYF5               TRANSFER FROM 20069779779                         Mr. AJAI  BALACHANDRAN / 	99922	 	17874.00	411046.22
09/04/2024	09/04/2024	   BY TRANSFER-NEFT*UTIB0000194*AXISCN0580135394*NOBR*FlatT11AptA--	TRANSFER FROM 4697196044301 / 	4430	 	4522.00	415568.22
09/04/2024	09/04/2024	   BY TRANSFER-NEFT*UTIB0000194*AXISCN0580282141*NOBR*FlatT06AptA--	TRANSFER FROM 3199422044305 / 	4430	 	11063.00	426631.22
09/04/2024	09/04/2024	   BY TRANSFER-NEFT*UTIB0000194*AXISCN0580297041*NOBR*FlatF14AptA--	TRANSFER FROM 3199675044306 / 	4430	 	5105.00	431736.22
09/04/2024	09/04/2024	   BY TRANSFER-NEFT*HDFC0000001*N100242981350318*BALAKRISHNAN KRI--	TRANSFER FROM 4698161044304 / 	4430	 	4358.00	436094.22
11/04/2024	11/04/2024	TO CLEARING-Chq No. 452467 AXS   MUNIREDDY A--452467	 / 452467	40743	14000.00	 	422094.22
11/04/2024	11/04/2024	TO CLEARING-Chq No. 452466 BOB   BESCOM ASST EXE ENGG S 11--452466	 / 452466	40743	30623.00	 	391471.22
11/04/2024	11/04/2024	   BY TRANSFER-INB IMPS410209426494/8971434714/XX6379/G2 Mana Pr--	MAN000088615772          MAN000088615772          TRANSFER FROM 4698314162098 / 	99922	 	5652.00	397123.22
11/04/2024	11/04/2024	   BY TRANSFER-NEFT*UTIB0000194*AXISCN0582637203*NOBR*FlatG01AptA--	TRANSFER FROM 4698169044306 / 	4430	 	4462.00	401585.22
11/04/2024	11/04/2024	   BY TRANSFER-NEFT*ICIC0SF0002*HS92410240081837*PAWAN SUBHASH*NE--	TRANSFER FROM 4697246044306 / 	4430	 	4100.00	405685.22
14/04/2024	14/04/2024	   BY TRANSFER-NEFT*UTIB0000194*AXISCN0585635832*NOBR*FlatF15AptA--	TRANSFER FROM 4698189044302 / 	4430	 	10720.00	416405.22
15/04/2024	15/04/2024	   BY TRANSFER-NEFT*ICIC0SF0002*HS92410640410635*PRIYABRATA MOHAP--	TRANSFER FROM 4698177044306 / 	4430	 	10884.00	427289.22
15/04/2024	15/04/2024	   BY TRANSFER-NEFT*UTIB0000194*AXISCN0587006721*NOBR*FlatT02AptA--	TRANSFER FROM 3199972044308 / 	4430	 	36195.00	463484.22
15/04/2024	15/04/2024	   BY TRANSFER-NEFT*ICIC0SF0002*HS92410640452329*SURENDRANATH BEH--	TRANSFER FROM 4697247044305 / 	4430	 	3944.00	467428.22
16/04/2024	16/04/2024	TO CLEARING-Chq No. 452464 AXS   OM SAI ENTERPRISES--452464	 / 452464	40743	6600.00	 	460828.22
16/04/2024	16/04/2024	TO CLEARING-Chq No. 452471 FBL   AJITHANATHMULTIPURPOS--452471	 / 452471	40743	5000.00	 	455828.22
16/04/2024	16/04/2024	   BY TRANSFER-NEFT*UTIB0000194*AXISCN0588105063*NOBR*FlatS11AptA--	TRANSFER FROM 3199682044307 / 	4430	 	4087.00	459915.22
19/04/2024	19/04/2024	   BY TRANSFER-NEFT*UTIB0000194*AXISCN0590458171*NOBR*FlatG14AptA--	TRANSFER FROM 4697197044300 / 	4430	 	4197.00	464112.22
19/04/2024	19/04/2024	TO CLEARING-Chq No. 452465 BOB   SMITHA T--452465	 / 452465	40743	31600.00	 	432512.22
19/04/2024	19/04/2024	   BY TRANSFER-NEFT*UTIB0000194*AXISCN0591230804*NOBR*FlatT15AptA--	TRANSFER FROM 4698200044300 / 	4430	 	10523.00	443035.22
19/04/2024	19/04/2024	   BY TRANSFER-NEFT*UTIB0000194*AXISCN0591448413*NOBR*FlatS02AptA--	TRANSFER FROM 4697217044301 / 	4430	 	5020.00	448055.22
19/04/2024	19/04/2024	   BY TRANSFER-NEFT*UTIB0000194*AXISCN0591497948*NOBR*FlatS07AptA--	TRANSFER FROM 4697226044300 / 	4430	 	3948.00	452003.22
20/04/2024	20/04/2024	   BY TRANSFER-NEFT*UTIB0000248*AXCT411163629931*A IRUDAYARAJ ALW--	TRANSFER FROM 4698183044308 / 	4430	 	4559.00	456562.22
20/04/2024	20/04/2024	   BY TRANSFER-NEFT*HDFC0000001*N111242996788284*ASHWIN PANDITH*G--	TRANSFER FROM 4697190044306 / 	4430	 	4984.00	461546.22
20/04/2024	20/04/2024	   BY TRANSFER-INB T1 Prashant--	IT00VANTR2               TRANSFER FROM 20071385409                         Mr. PRASHANT  SIKDAR / 	99922	 	5054.00	466600.22
22/04/2024	22/04/2024	TO CLEARING-Chq No. 452475 BOM   Mr  SUBODH  PRADHAN--452475	 / 452475	40743	3000.00	 	463600.22
22/04/2024	22/04/2024	   BY TRANSFER-NEFT*UTIB0000194*AXISCN0594122289*NOBR*FlatT10AptA--	TRANSFER FROM 3199682044307 / 	4430	 	5306.00	468906.22
24/04/2024	24/04/2024	   BY TRANSFER-NEFT*ICIC0SF0002*HS92411541105201*SRIVASTAVASHAILE--	TRANSFER FROM 3199414044305 / 	4430	 	4379.00	473285.22
24/04/2024	24/04/2024	TO CLEARING-Chq No. 452468 BOM   DIFESA SECURITY SERVICES--452468	 / 452468	40743	120360.00	 	352925.22
24/04/2024	24/04/2024	TO CLEARING-Chq No. 452473 KOT   SMARTERHOMES TECHNOLOGIE--452473	 / 452473	40743	23830.00	 	329095.22
24/04/2024	24/04/2024	   BY TRANSFER-NEFT*UTIB0000194*AXISCN0596180382*NOBR*FlatS04AptA--	TRANSFER FROM 4697177044304 / 	4430	 	4022.00	333117.22
24/04/2024	24/04/2024	   BY TRANSFER-NEFT*UTIB0000248*AXCT411563744027*MS. JEYARANI JEG--	TRANSFER FROM 4698162044303 / 	4430	 	992.00	334109.22
26/04/2024	26/04/2024	   BY TRANSFER-UPI/CR/411790171113/ANKUR KU/HDFC/agarwalank/UPI--	TRANSFER FROM 4897736162097 / 	32295	 	4375.00	338484.22
27/04/2024	27/04/2024	   BY TRANSFER-NEFT*UTIB0000194*AXISCN0600160054*NOBR*FlatS13AptA--	TRANSFER FROM 4697212044306 / 	4430	 	4108.96	342593.18
27/04/2024	27/04/2024	   BY TRANSFER-NEFT*UTIB0000194*AXISCN0600160151*NOBR*FlatS13AptA--	TRANSFER FROM 3199967044305 / 	4430	 	5056.56	347649.74
27/04/2024	27/04/2024	   BY TRANSFER-NEFT*UTIB0000194*AXISCN0600160288*NOBR*FlatS13AptA--	TRANSFER FROM 4697243044309 / 	4430	 	5073.88	352723.62
27/04/2024	27/04/2024	   BY TRANSFER-NEFT*UTIB0000194*AXISCN0600160416*NOBR*FlatS13AptA--	TRANSFER FROM 4698161044304 / 	4430	 	4046.29	356769.91
27/04/2024	27/04/2024	   BY TRANSFER-NEFT*UTIB0000194*AXISCN0600160555*NOBR*FlatF13AptA--	TRANSFER FROM 3199968044304 / 	4430	 	5386.67	362156.58
27/04/2024	27/04/2024	   BY TRANSFER-NEFT*UTIB0000194*AXISCN0600161313*NOBR*FlatF13AptA--	TRANSFER FROM 3199965044307 / 	4430	 	6316.35	368472.93
27/04/2024	27/04/2024	   BY TRANSFER-NEFT*UTIB0000194*AXISCN0600161131*NOBR*FlatF13AptA--	TRANSFER FROM 3199964044308 / 	4430	 	6444.66	374917.59
27/04/2024	27/04/2024	   BY TRANSFER-NEFT*UTIB0000194*AXISCN0600165941*NOBR*FlatF13AptA--	TRANSFER FROM 4697221044305 / 	4430	 	5439.91	380357.50
29/04/2024	29/04/2024	   BY TRANSFER-NEFT*UTIB0000194*AXISCN0602079549*NOBR*FlatG11AptA--	TRANSFER FROM 4697222044304 / 	4430	 	4252.00	384609.50
29/04/2024	29/04/2024	   BY TRANSFER-NEFT*UTIB0000248*AXCT412063979885*VIVEK DHINGRA*--	TRANSFER FROM 4698195044304 / 	4430	 	3879.00	388488.50
30/04/2024	30/04/2024	   BY TRANSFER-NEFT*UTIB0000194*AXISCN0603047862*NOBR*FlatG07AptA--	TRANSFER FROM 4697232044302 / 	4430	 	4549.00	393037.50
30/04/2024	30/04/2024	   BY TRANSFER-NEFT*UTIB0000248*AXCT412164115609*KAPIL GARG*--	TRANSFER FROM 4698211044309 / 	4430	 	4749.00	397786.50
30/04/2024	30/04/2024	   BY TRANSFER-NEFT*UTIB0000194*AXISCN0603252054*NOBR*FlatT08AptA--	TRANSFER FROM 3199415044304 / 	4430	 	4500.00	402286.50

**This is a computer generated statement and does not require a signature