Account Number               :	_00000033001215401
Description                  :	CURRENT A/C - COLLECTION A/C
Name                         :	MANA PRISTINE FLAT OWNERS WELFARE ASSOCIATION               
Currency                     :	INR
Corporate Address            :	SY NO.31/38/6, CHIKKENAHALLI MAIN ROAD,OFF SARJAPUR ROAD
                              	
                              	BANGALORE
                              	KARNATAKA-560035
Branch                       :	KASAVANAHALLI(32295)
Rate of Interest (% p.a.)    :	0.0% 
IFS Code                     :	SBIN0032295
Book Balance                 :	182941.50
Available Balance            :	182941.50
Hold Value                   :	0.00
MOD Balance             :	0.00
Uncleared Amount             :	0.00
Balance on 1 Aug 2024        :	4,43,519.50
Start Date                   :	1 Aug 2024
End Date                     :	31 Aug 2024
Txn Date	Value Date	Description	Ref No./Cheque No.	Branch Code	        Debit	Credit	Balance	
01/08/2024	01/08/2024	   BY TRANSFER-NEFT*UTIB0005157*AXOIR21477025747*SAMRAT KAR*CBOL--	TRANSFER FROM 3199413044306 / 	4430	 	5500.00	449019.50
03/08/2024	03/08/2024	TO CLEARING-Chq No. 452522 BOB   BESCOM ASST EXE ENGG S 11--452522	 / 452522	40743	23381.00	 	425638.50
06/08/2024	06/08/2024	TO CLEARING-Chq No. 452523 AXS   KEDIA ARPANA  CO--452523	 / 452523	40743	60000.00	 	365638.50
09/08/2024	09/08/2024	CHEQUE WDL-  D  RAJU--452527	TRANSFER FROM 32430881220                         Mr. D  RAJU / 452527	32295	13300.00	 	352338.50
09/08/2024	09/08/2024	CHEQUE WDL-  D  RAJU--452534	TRANSFER FROM 32430881220                         Mr. D  RAJU / 452534	32295	15000.00	 	337338.50
09/08/2024	09/08/2024	CASH CHEQUE-CASH WITHDRAWAL BY CHQ--452538	 / 452538	32295	10000.00	 	327338.50
12/08/2024	12/08/2024	TO CLEARING-Chq No. 452528 AXS   MUNIREDDY A--452528	 / 452528	40743	29000.00	 	298338.50
13/08/2024	13/08/2024	TO CLEARING-Chq No. 452531 PNB   YUVARAJ S--452531	 / 452531	40743	7500.00	 	290838.50
14/08/2024	14/08/2024	TO CLEARING-Chq No. 452535 FBL   AJITHANATHMULTIPURPOS--452535	 / 452535	40743	5000.00	 	285838.50
14/08/2024	14/08/2024	TO CLEARING-Chq No. 452537 BOB   BESCOM ASST EXE ENGG S 11--452537	 / 452537	40743	29594.00	 	256244.50
14/08/2024	14/08/2024	TO CLEARING-Chq No. 452525 AXS   OM SAI ENTERPRISES--452525	 / 452525	40743	6600.00	 	249644.50
19/08/2024	19/08/2024	TO CLEARING-Chq No. 452536 BOM   Mr  SUBODH  PRADHAN--452536	 / 452536	40743	3000.00	 	246644.50
19/08/2024	19/08/2024	   BY TRANSFER-NEFT*ICIC0SF0002*HS92423254392306*PRIYABRATA MOHAP--	TRANSFER FROM 4697198044309 / 	4430	 	4495.00	251139.50
22/08/2024	22/08/2024	TO CLEARING-Chq No. 452532 YES   SHREE OFFICE PLANET--452532	 / 452532	40743	9029.00	 	242110.50
24/08/2024	24/08/2024	   BY TRANSFER-INB Maintenance Bill--	IT00WXEYG5               TRANSFER FROM 10458393278                          MAJ PRASENJIT CHAKRAV / 	99922	 	4143.00	246253.50
25/08/2024	25/08/2024	   BY TRANSFER-NEFT*UTIB0000194*AXISCN0721968096*NOBR*FlatG11AptA--	TRANSFER FROM 3199969044303 / 	4430	 	4345.00	250598.50
25/08/2024	25/08/2024	   BY TRANSFER-NEFT*UTIB0000194*AXISCN0722170639*NOBR*FlatT10AptA--	TRANSFER FROM 4697186044303 / 	4430	 	5887.00	256485.50
25/08/2024	25/08/2024	   BY TRANSFER-NEFT*HDFC0000001*N238243224948416*N GEETHA*F11 Mai--	TRANSFER FROM 4697225044301 / 	4430	 	4208.00	260693.50
25/08/2024	25/08/2024	   BY TRANSFER-NEFT*HDFC0000001*N238243224983444*RENU R*F4 Mainte--	TRANSFER FROM 3199412044307 / 	4430	 	4300.00	264993.50
25/08/2024	25/08/2024	   BY TRANSFER-NEFT*UTIB0000194*AXISCN0722262386*NOBR*FlatT09AptA--	TRANSFER FROM 4697190044306 / 	4430	 	4965.00	269958.50
26/08/2024	26/08/2024	   BY TRANSFER-NEFT*UTIB0000194*AXISCN0723212715*NOBR*FlatG14AptA--	TRANSFER FROM 4697198044309 / 	4430	 	4288.00	274246.50
27/08/2024	27/08/2024	TO CLEARING-Chq No. 452526 BOB   SMITHA T--452526	 / 452526	40743	36600.00	 	237646.50
27/08/2024	27/08/2024	TO CLEARING-Chq No. 452533 KOT   SMARTERHOMES TECHNOLOGIE--452533	 / 452533	40743	25022.00	 	212624.50
28/08/2024	28/08/2024	   BY TRANSFER-NEFT*UTIB0000194*AXISCN0725570717*NOBR*FlatG01AptA--	TRANSFER FROM 4697208044301 / 	4430	 	4853.00	217477.50
28/08/2024	28/08/2024	   BY TRANSFER-SBIYA24241195303527293532-G10 maintenanc--	TRANSFER FROM 33028750866                         Mr. CIJO  JACOB / 	71104	 	5226.00	222703.50
28/08/2024	28/08/2024	   BY TRANSFER-NEFT*UTIB0000194*AXISCN0725649410*NOBR*FlatT11AptA--	TRANSFER FROM 3199424044303 / 	4430	 	5115.00	227818.50
29/08/2024	29/08/2024	   BY TRANSFER-NEFT*UTIB0000194*AXISCN0726768483*NOBR*FlatF08AptA--	TRANSFER FROM 4697243044309 / 	4430	 	4291.00	232109.50
30/08/2024	30/08/2024	   BY TRANSFER-NEFT*UTIB0000194*AXISCN0726775006*NOBR*FlatS11AptA--	TRANSFER FROM 4698207044304 / 	4430	 	4871.00	236980.50
30/08/2024	30/08/2024	   BY TRANSFER-UPI/CR/424344714585/ANKUR KU/HDFC/agarwalank/UPI--	TRANSFER FROM 4897737162096 / 	32295	 	4844.00	241824.50
31/08/2024	31/08/2024	   BY TRANSFER-NEFT*UTIB0000194*AXISCN0728830624*NOBR*FlatF15AptA--	TRANSFER FROM 4697222044304 / 	4430	 	5521.00	247345.50
31/08/2024	31/08/2024	   BY TRANSFER-NEFT*UTIB0000194*AXISCN0728921369*NOBR*FlatS04AptA--	TRANSFER FROM 4697176044305 / 	4430	 	4847.00	252192.50
31/08/2024	31/08/2024	   BY TRANSFER-NEFT*UTIB0000194*AXISCN0728932826*NOBR*FlatS02AptA--	TRANSFER FROM 3199420044306 / 	4430	 	6570.00	258762.50

**This is a computer generated statement and does not require a signature