Account Name       :                	MANA PRISTINE FLAT OWNERS WELFARE ASSOCIATION,Mr. NISHANT  UPADHYAY,MAJ PRASENJIT CHAKRAVORTY
Address            :	SURVEY NO 31/38/6 DODDAKANNALLI VILLAGE OFF SARJAPUR ROAD BANGALORE 560035
                                    	
                                    	29-560035
                                    	India
Date               :                	10 Jun 2025
Account Number     :	_00000033001215401
Account Description:	CA-REGULAR-PUB-OTH-ALL-INR
Branch             :	KASAVANAHALLI
Drawing Power      :	0.00
Interest Rate(% p.a.):	0.0
MOD Balance      :	0.00
CIF No.          :	_86725625341
IFS Code         :	SBIN0032295
MICR Code        :	_560002296
Balance on 1 Dec 2024        :	1,92,944.50
Start Date          :	1 Dec 2024
End Date            :	31 Dec 2024
Txn Date	Value Date	Description	Ref No./Cheque No.	Branch Code	        Debit	Credit	Balance	
1 Dec 2024	1 Dec 2024	   BY TRANSFER-NEFT*HDFC0000240*N336243426300184*N GEETHA*--	TRANSFER FROM 4697181044308 / 	4430	 	4,300.00	1,97,244.50
1 Dec 2024	1 Dec 2024	   BY TRANSFER-NEFT*UTIB0005157*AXOIR33670690787*SAMRAT KAR*CBOL--	TRANSFER FROM 3199971044309 / 	4430	 	5,500.00	2,02,744.50
1 Dec 2024	1 Dec 2024	   BY TRANSFER-UPI/CR/462569466060/VAMSIDHA/ICIC/9900181705/Payme--	TRANSFER FROM 4897732162091 / 	1	 	5,566.00	2,08,310.50
1 Dec 2024	1 Dec 2024	   BY TRANSFER-NEFT*UTIB0000194*AXISCN0835058280*NOBR*FlatT11AptD--	TRANSFER FROM 4698180044300 / 	4430	 	4,900.00	2,13,210.50
1 Dec 2024	1 Dec 2024	   BY TRANSFER-NEFT*ICIC0SF0002*HS92433666106216*MASOODMOHAMMED*N--	TRANSFER FROM 4697221044305 / 	4430	 	4,780.00	2,17,990.50
1 Dec 2024	1 Dec 2024	   BY TRANSFER-UPI/CR/433665925218/RANJITH /HDFC/foreverran/UPI--	TRANSFER FROM 4897732162091 / 	32295	 	14,033.00	2,32,023.50
1 Dec 2024	1 Dec 2024	   BY TRANSFER-UPI/CR/433656364588/TECHVENO/HDFC/7033090806/NA--	TRANSFER FROM 4897732162091 / 	32295	 	19,444.00	2,51,467.50
1 Dec 2024	1 Dec 2024	   BY TRANSFER-NEFT*UTIB0000194*AXISCN0835114980*NOBR*FlatT06AptD--	TRANSFER FROM 4697202044307 / 	4430	 	4,934.00	2,56,401.50
2 Dec 2024	2 Dec 2024	   BY TRANSFER-NEFT*UTIB0000194*AXISCN0835590891*NOBR*FlatT16AptD--	TRANSFER FROM 3199414044305 / 	4430	 	4,790.00	2,61,191.50
2 Dec 2024	2 Dec 2024	   BY TRANSFER-INB f16maintenanceoct2024--	IT00XZUDI0               TRANSFER FROM 10209808020                         Mrs. SREEJA  SUDHARMA / 	99922	 	5,027.00	2,66,218.50
2 Dec 2024	2 Dec 2024	   BY TRANSFER-INB IMPS/433722376023/axb-XX747-MGANESAN/G16Oct24D--	MAOO00210341941          MAOO00210341941          TRANSFER FROM 4897950162091 / 	99922	 	4,198.00	2,70,416.50
6 Dec 2024	6 Dec 2024	TO CLEARING-Chq No. 452583 PNB   YUVARAJ S--452583	 / 452583	40743	7,000.00	 	2,63,416.50
6 Dec 2024	6 Dec 2024	TO CLEARING-Chq No. 452569 AXS   MUNIREDDY A--452569	 / 452569	40743	24,200.00	 	2,39,216.50
7 Dec 2024	7 Dec 2024	   BY TRANSFER-NEFT*UTIB0000423*AXOMB34213732743*IYER GANESH BALA--	TRANSFER FROM 4698210044309 / 	4430	 	9,060.00	2,48,276.50
7 Dec 2024	7 Dec 2024	   BY TRANSFER-NEFT*UTIB0000194*AXISCN0842374976*NOBR*FlatF10AptD--	TRANSFER FROM 4697225044301 / 	4430	 	9,578.00	2,57,854.50
7 Dec 2024	7 Dec 2024	   BY TRANSFER-UPI/CR/434251295954/ANKUR KU/HDFC/agarwalank/G9 Oc--	TRANSFER FROM 4897738162095 / 	32295	 	4,369.00	2,62,223.50
7 Dec 2024	7 Dec 2024	   BY TRANSFER-INB IMPS/434213674168/ICI-XX144-PRIYABRA/Ment F5--	MAJO00181397386          MAJO00181397386          TRANSFER FROM 4898028162094 / 	99922	 	10,622.00	2,72,845.50
9 Dec 2024	9 Dec 2024	CASH CHEQUE-CASH WITHDRAWAL BY CHQ--452598	 / 452598	32295	10,000.00	 	2,62,845.50
9 Dec 2024	9 Dec 2024	CHEQUE WDL-CHEQUE TRANSFER TO--452588	TRANSFER FROM 32430881220                         Mr. D  RAJU / 452588	32295	3,300.00	 	2,59,545.50
9 Dec 2024	9 Dec 2024	CHEQUE WDL-CHEQUE TRANSFER TO--452591	TRANSFER FROM 32430881220                         Mr. D  RAJU / 452591	32295	15,000.00	 	2,44,545.50
10 Dec 2024	10 Dec 2024	   BY TRANSFER-UPI/CR/434563898391/VINYAS R/ICIC/1551358457/T 7 N--	TRANSFER FROM 4897734162099 / 	32295	 	4,060.00	2,48,605.50
11 Dec 2024	11 Dec 2024	TO CLEARING-Chq No. 452586 BOB   SMITHA T--452586	 / 452586	40743	31,600.00	 	2,17,005.50
11 Dec 2024	11 Dec 2024	TO CLEARING-Chq No. 452587 AXS   MUNIREDDY A--452587	 / 452587	40743	19,400.00	 	1,97,605.50
11 Dec 2024	11 Dec 2024	TO CLEARING-Chq No. 452595 AXS   CERTICOM CONSULTING--452595	 / 452595	40743	20,000.00	 	1,77,605.50
11 Dec 2024	11 Dec 2024	   BY TRANSFER-INB Maintenance Payment--	IT00YCVNF7               TRANSFER FROM 10458393278                          MAJ PRASENJIT CHAKRAV / 	99922	 	4,069.00	1,81,674.50
11 Dec 2024	11 Dec 2024	   BY TRANSFER-UPI/CR/442719107446/VAMSIDHA/ICIC/9900181705/Payme--	TRANSFER FROM 4897735162098 / 	1	 	5,589.00	1,87,263.50
11 Dec 2024	11 Dec 2024	   BY TRANSFER-INB IMPS/434613315081/ICI-XX621-MOHIT DA/Maintenan--	MAOO00214062161          MAOO00214062161          TRANSFER FROM 4898026162096 / 	99922	 	20,000.00	2,07,263.50
11 Dec 2024	11 Dec 2024	   BY TRANSFER-NEFT*UTIB0000194*AXISCN0846765709*NOBR*FlatF09AptD--	TRANSFER FROM 4697177044304 / 	4430	 	4,710.00	2,11,973.50
11 Dec 2024	11 Dec 2024	   BY TRANSFER-NEFT*UTIB0000194*AXISCN0846765567*NOBR*FlatF08AptD--	TRANSFER FROM 4697178044303 / 	4430	 	5,428.00	2,17,401.50
11 Dec 2024	11 Dec 2024	   BY TRANSFER-NEFT*UTIB0000194*AXISCN0846766728*NOBR*FlatT02AptD--	TRANSFER FROM 3199965044307 / 	4430	 	5,560.00	2,22,961.50
11 Dec 2024	11 Dec 2024	   BY TRANSFER-NEFT*ICIC0SF0002*HS92434667583653*DEVENDRA*NEFT//S--	TRANSFER FROM 4697219044309 / 	4430	 	4,094.00	2,27,055.50
11 Dec 2024	11 Dec 2024	   BY TRANSFER-NEFT*UTIB0000194*AXISCN0846795693*NOBR*FlatT09AptD--	TRANSFER FROM 4697197044300 / 	4430	 	4,562.00	2,31,617.50
11 Dec 2024	11 Dec 2024	   BY TRANSFER-NEFT*UTIB0000194*AXISCN0846887086*NOBR*FlatS04AptD--	TRANSFER FROM 4697175044306 / 	4430	 	4,486.00	2,36,103.50
11 Dec 2024	11 Dec 2024	   BY TRANSFER-NEFT*UTIB0000194*AXISCN0846991363*NOBR*FlatG01AptD--	TRANSFER FROM 3199968044304 / 	4430	 	4,778.00	2,40,881.50
11 Dec 2024	11 Dec 2024	   BY TRANSFER-NEFT*HDFC0000001*N346243450823986*RENU R*Dec 2024--	TRANSFER FROM 4698171044302 / 	4430	 	4,501.00	2,45,382.50
11 Dec 2024	11 Dec 2024	   BY TRANSFER-NEFT*UTIB0000194*AXISCN0847139494*NOBR*FlatT11AptD--	TRANSFER FROM 4698162044303 / 	4430	 	4,958.00	2,50,340.50
14 Dec 2024	14 Dec 2024	   BY TRANSFER-INB IMPS/434919407639/ICI-XX379-VENKATA /G2 Mana P--	MALO00167038453          MALO00167038453          TRANSFER FROM 4898028162094 / 	99922	 	5,827.00	2,56,167.50
15 Dec 2024	15 Dec 2024	   BY TRANSFER-NEFT*UTIB0001506*AXNFCN0852305578*RZPX PRIVATE LIM--	TRANSFER FROM 4697216044302 / 	4430	 	5,378.00	2,61,545.50
16 Dec 2024	16 Dec 2024	TO CLEARING-Chq No. 452585 AXS   OM SAI ENTERPRISES--452585	 / 452585	40743	6,600.00	 	2,54,945.50
16 Dec 2024	16 Dec 2024	   BY TRANSFER-INB IMPS/435111235228/axb-XX578-NOBROKER/FlatS11Ap--	MANO00205768344          MANO00205768344          TRANSFER FROM 4698303162090 / 	99922	 	5,027.00	2,59,972.50
16 Dec 2024	16 Dec 2024	   BY TRANSFER-NEFT*UTIB0000194*AXISCN0853766832*NOBR*FlatG11AptD--	TRANSFER FROM 3199417044302 / 	4430	 	3,996.00	2,63,968.50
17 Dec 2024	17 Dec 2024	TO CLEARING-Chq No. 452593 BOM   Mr  SUBODH  PRADHAN--452593	 / 452593	40743	3,000.00	 	2,60,968.50
17 Dec 2024	17 Dec 2024	TO CLEARING-Chq No. 452576 BOM   Mr  SUBODH  PRADHAN--452576	 / 452576	40743	3,000.00	 	2,57,968.50
17 Dec 2024	17 Dec 2024	TO CLEARING-Chq No. 452596 KOT   SMARTERHOMES TECHNOLOGIE--452596	 / 452596	40743	25,022.00	 	2,32,946.50
17 Dec 2024	17 Dec 2024	TO CLEARING-Chq No. 452592 FBL   AJITHANATHMULTIPURPOS--452592	 / 452592	40743	7,000.00	 	2,25,946.50
19 Dec 2024	19 Dec 2024	   BY TRANSFER-NEFT*UTIB0000194*AXISCN0856694537*NOBR*FlatF15AptD--	TRANSFER FROM 4697203044306 / 	4430	 	4,938.00	2,30,884.50
19 Dec 2024	19 Dec 2024	   BY TRANSFER-NEFT*UTIB0000194*AXISCN0857579500*NOBR*FlatG15AptD--	TRANSFER FROM 4697225044301 / 	4430	 	4,519.00	2,35,403.50
19 Dec 2024	19 Dec 2024	   BY TRANSFER-NEFT*UTIB0000194*AXISCN0857815748*NOBR*FlatF07AptD--	TRANSFER FROM 4698204044307 / 	4430	 	4,684.00	2,40,087.50
21 Dec 2024	21 Dec 2024	   BY TRANSFER-NEFT*HDFC0000001*N356243466890954*BALAKRISHNAN KRI--	TRANSFER FROM 3199420044306 / 	4430	 	4,611.00	2,44,698.50
22 Dec 2024	22 Dec 2024	   BY TRANSFER-NEFT*UTIB0000194*AXISCN0861538900*NOBR*BATCHID:002--	TRANSFER FROM 4697217044301 / 	4430	 	4,092.00	2,48,790.50
22 Dec 2024	22 Dec 2024	   BY TRANSFER-NEFT*HDFC0000001*N357243467679080*N GEETHA*BATCHID--	TRANSFER FROM 4697229044307 / 	4430	 	4,098.00	2,52,888.50
23 Dec 2024	23 Dec 2024	   BY TRANSFER-NEFT*BKID0004836*BKIDP24358978666*VAISHNAVI GUPTA*--	TRANSFER FROM 4697237044307 / 	4430	 	13,210.00	2,66,098.50
24 Dec 2024	24 Dec 2024	   BY TRANSFER-INB IMPS/435910182795/axb-XX814-KAPILGAR/T3--	MAPO00190088017          MAPO00190088017          TRANSFER FROM 4698319162093 / 	99922	 	4,531.00	2,70,629.50
24 Dec 2024	24 Dec 2024	   BY TRANSFER-NEFT*ICIC0SF0002*HS92435968669203*PAWAN SUBHASH*BA--	TRANSFER FROM 4697253044307 / 	4430	 	4,125.00	2,74,754.50
24 Dec 2024	24 Dec 2024	   BY TRANSFER-NEFT*DEUT0784PBC*DEUTN24359560078*SHYAM SANKARANAR--	TRANSFER FROM 4698166044309 / 	4430	 	4,419.00	2,79,173.50
24 Dec 2024	24 Dec 2024	   BY TRANSFER-NEFT*UTIB0000194*AXISCN0864005907*NOBR*BATCHID:002--	TRANSFER FROM 4697235044309 / 	4430	 	4,021.00	2,83,194.50
24 Dec 2024	24 Dec 2024	   BY TRANSFER-INB IMPS/435916018860/ICI-XX621-MOHIT DA/G6 painti--	MAKO00195959554          MAKO00195959554          TRANSFER FROM 4898011162093 / 	99922	 	20,000.00	3,03,194.50
24 Dec 2024	24 Dec 2024	   BY TRANSFER-SBIYA24359193602539707718-G10 maintenanc--	TRANSFER FROM 33028750866                         Mr. CIJO  JACOB / 	61034	 	4,850.00	3,08,044.50
25 Dec 2024	25 Dec 2024	   BY TRANSFER-NEFT*UTIB0000194*AXISCN0865200079*NOBR*BATCHID:001--	TRANSFER FROM 4697240044301 / 	4430	 	5,096.00	3,13,140.50
26 Dec 2024	26 Dec 2024	   BY TRANSFER-INB IMPS/436108891347/ICI-XX017-SURENDRA/S-1_SNB_N--	MAMO00199506958          MAMO00199506958          TRANSFER FROM 4597962162096 / 	99922	 	3,934.00	3,17,074.50
26 Dec 2024	26 Dec 2024	   BY TRANSFER-INB T1 Prashant Maint--	IT00YGQFG1               TRANSFER FROM 20071385409                         Mr. PRASHANT  SIKDAR / 	99922	 	5,222.00	3,22,296.50
27 Dec 2024	27 Dec 2024	TO CLEARING-Chq No. 452589 BOM   DIFESA SECURITY SERVICES--452589	 / 452589	40743	1,20,360.00	 	2,01,936.50
27 Dec 2024	27 Dec 2024	   BY TRANSFER-INB IMPS/436211189223/RE1-XX196-ABHISHEK/G5 Mainte--	MAKO00197038156          MAKO00197038156          TRANSFER FROM 4897947162097 / 	99922	 	12,000.00	2,13,936.50
28 Dec 2024	28 Dec 2024	   BY TRANSFER-UPI/CR/436331338723/ANKUR KU/HDFC/agarwalank/G9 No--	TRANSFER FROM 4897738162095 / 	32295	 	4,649.00	2,18,585.50
28 Dec 2024	28 Dec 2024	   BY TRANSFER-INB IMPS/436317827373/axb-XX747-MGANESAN/G16DUESNO--	MAOO00221166417          MAOO00221166417          TRANSFER FROM 4597959162090 / 	99922	 	3,971.00	2,22,556.50
28 Dec 2024	28 Dec 2024	   BY TRANSFER-INB FlatF13MaintenanceNov2024--	IT00YHFFX4               TRANSFER FROM 10421889519                         Mrs. RAMA DEVI S / 	99922	 	4,967.00	2,27,523.50
29 Dec 2024	29 Dec 2024	   BY TRANSFER-NEFT*HDFC0000001*N364243477280932*JEYARANI JEGANAT--	TRANSFER FROM 4697241044301 / 	4430	 	4,305.00	2,31,828.50
29 Dec 2024	29 Dec 2024	   BY TRANSFER-INB FlatS13MaintenanceNov2024--	IT00YHHZY1               TRANSFER FROM 10421889519                         Mrs. RAMA DEVI S / 	99922	 	4,240.00	2,36,068.50
31 Dec 2024	31 Dec 2024	TO CLEARING-Chq No. 452599 BOB   BESCOM ASST EXE ENGG S 11--452599	 / 452599	40743	24,039.00	 	2,12,029.50
31 Dec 2024	31 Dec 2024	   BY TRANSFER-NEFT*UTIB0005157*AXOMB36678540095*A IRUDAYARAJ ALW--	TRANSFER FROM 3199424044303 / 	4430	 	4,498.00	2,16,527.50

**This is a computer generated statement and does not require a signature