Account Name       :                	MANA PRISTINE FLAT OWNERS WELFARE ASSOCIATION,Mr. NISHANT  UPADHYAY,MAJ PRASENJIT CHAKRAVORTY
Address            :	SURVEY NO 31/38/6 DODDAKANNALLI VILLAGE OFF SARJAPUR ROAD BANGALORE 560035
                                    	
                                    	29-560035
                                    	India
Date               :                	10 Jun 2025
Account Number     :	_00000033001215401
Account Description:	CA-REGULAR-PUB-OTH-ALL-INR
Branch             :	KASAVANAHALLI
Drawing Power      :	0.00
Interest Rate(% p.a.):	0.0
MOD Balance      :	0.00
CIF No.          :	_86725625341
IFS Code         :	SBIN0032295
MICR Code        :	_560002296
Balance on 1 Feb 2025        :	2,36,329.50
Start Date          :	1 Feb 2025
End Date            :	28 Feb 2025
Txn Date	Value Date	Description	Ref No./Cheque No.	Branch Code	        Debit	Credit	Balance	
1 Feb 2025	1 Feb 2025	   BY TRANSFER-NEFT*HDFC0000001*HDFCH00034685131*ASHWIN PANDITH*B--	TRANSFER FROM 4697237044307 / 	4430	 	5,708.00	2,42,037.50
1 Feb 2025	1 Feb 2025	   BY TRANSFER-NEFT*UTIB0005157*AXOMB03201513451*A IRUDAYARAJ ALW--	TRANSFER FROM 4698176044307 / 	4430	 	5,013.00	2,47,050.50
1 Feb 2025	1 Feb 2025	   BY TRANSFER-NEFT*UTIB0005157*AXOIR03201566231*SAMRAT KAR*BATCH--	TRANSFER FROM 4697219044309 / 	4430	 	6,000.00	2,53,050.50
1 Feb 2025	1 Feb 2025	   BY TRANSFER-INB IMPS/503221934165/axb-XX578-NOBROKER/FlatS02Ap--	MAJO00203709138          MAJO00203709138          TRANSFER FROM 4698327162093 / 	99922	 	7,847.00	2,60,897.50
2 Feb 2025	2 Feb 2025	   BY TRANSFER-INB FlatF13MaintenanceDec2024--	IT00YRPFX4               TRANSFER FROM 10421889519                         Mrs. RAMA DEVI S / 	99922	 	6,879.00	2,67,776.50
2 Feb 2025	2 Feb 2025	   BY TRANSFER-INB FlatS13MaintenanceDec2024--	IT00YRPFZ7               TRANSFER FROM 10421889519                         Mrs. RAMA DEVI S / 	99922	 	4,797.00	2,72,573.50
3 Feb 2025	3 Feb 2025	   BY TRANSFER-SBIYA25034003805159299229-G13 Dec 2024--	TRANSFER FROM 20069779779                         Mr. AJAI  BALACHANDRAN / 	61034	 	14,033.00	2,86,606.50
3 Feb 2025	3 Feb 2025	   BY TRANSFER-INB IMPS/503412946988/ICI-XX659-SHONALI /Mana main--	MANO00225577348          MANO00225577348          TRANSFER FROM 4698318162094 / 	99922	 	5,000.00	2,91,606.50
7 Feb 2025	7 Feb 2025	   BY TRANSFER-INB IMPS/503821123252/ICI-XX144-PRIYABRA/Ment-F5 D--	MAJO00206285767          MAJO00206285767          TRANSFER FROM 4897959162093 / 	99922	 	10,728.00	3,02,334.50
8 Feb 2025	8 Feb 2025	   BY TRANSFER-NEFT*HDFC0000001*HDFCH00052274373*ASHWIN PANDITH*B--	TRANSFER FROM 4698211044309 / 	4430	 	5,643.00	3,07,977.50
9 Feb 2025	9 Feb 2025	   BY TRANSFER-UPI/CR/504061022346/VINYAS R/ICIC/1551358457/T 7 J--	TRANSFER FROM 4897732162091 / 	32295	 	5,926.00	3,13,903.50
9 Feb 2025	9 Feb 2025	   BY TRANSFER-NEFT*HDFC0000001*HDFCH00053820271*MANISHA GHOSHAL*--	TRANSFER FROM 4697253044307 / 	4430	 	1,667.00	3,15,570.50
10 Feb 2025	10 Feb 2025	   BY TRANSFER-INB Maintenance charges--	IT00YUDHV7               TRANSFER FROM 10458393278                          MAJ PRASENJIT CHAKRAV / 	99922	 	6,220.00	3,21,790.50
10 Feb 2025	10 Feb 2025	   BY TRANSFER-NEFT*UTIB0001920*AXISCN0913306607*CASHFREE PAYMENT--	TRANSFER FROM 3199417044302 / 	4430	 	4,699.00	3,26,489.50
10 Feb 2025	10 Feb 2025	CHEQUE WDL-CHEQUE TRANSFER TO--710274	TRANSFER FROM 32430881220                         Mr. D  RAJU / 710274	32295	4,500.00	 	3,21,989.50
10 Feb 2025	10 Feb 2025	CHEQUE WDL-CHEQUE TRANSFER TO--710273	TRANSFER FROM 32430881220                         Mr. D  RAJU / 710273	32295	15,000.00	 	3,06,989.50
10 Feb 2025	10 Feb 2025	CASH CHEQUE-CASH WITHDRAWAL BY CHQ--710279	 / 710279	32295	10,000.00	 	2,96,989.50
11 Feb 2025	11 Feb 2025	TO CLEARING-Chq No. 452615 AXS   CERTICOM CONSULTING--452615	 / 452615	40743	30,000.00	 	2,66,989.50
11 Feb 2025	11 Feb 2025	   BY TRANSFER-INB IMPS/504208008868/ICI-XX312-SHAILESH/IMPS Tran--	MAJO00207520836          MAJO00207520836          TRANSFER FROM 4698307162096 / 	99922	 	10,736.00	2,77,725.50
11 Feb 2025	11 Feb 2025	   BY TRANSFER-INB IMPS/504221853730/ICI-XX379-KASIBHAT/G2 Mana P--	MAPO00207943463          MAPO00207943463          TRANSFER FROM 4698322162098 / 	99922	 	7,559.00	2,85,284.50
12 Feb 2025	12 Feb 2025	   BY TRANSFER-NEFT*HDFC0000001*HDFCH00059673873*ASHWIN PANDITH*B--	TRANSFER FROM 4698171044302 / 	4430	 	1,134.00	2,86,418.50
12 Feb 2025	12 Feb 2025	TO CLEARING-Chq No. 710271 AXS   MUNIREDDY A--710271	 / 710271	40743	24,200.00	 	2,62,218.50
14 Feb 2025	14 Feb 2025	   BY TRANSFER-INB IMPS/504506474354/ICI-XX175-SURESH N/G15--	MANO00229997707          MANO00229997707          TRANSFER FROM 4898008162097 / 	99922	 	6,455.00	2,68,673.50
14 Feb 2025	14 Feb 2025	TO CLEARING-Chq No. 710277 BOB   BESCOM ASST EXE ENGG S 11--710277	 / 710277	40743	24,099.00	 	2,44,574.50
14 Feb 2025	14 Feb 2025	TO CLEARING-Chq No. 710272 PNB   YUVARAJ S--710272	 / 710272	40743	14,000.00	 	2,30,574.50
14 Feb 2025	14 Feb 2025	TO CLEARING-Chq No. 710275 FBL   AJITHANATHMULTIPURPOS--710275	 / 710275	40743	7,000.00	 	2,23,574.50
14 Feb 2025	14 Feb 2025	TO CLEARING-Chq No. 452601 YES   SHREE OFFICE PLANET--452601	 / 452601	40743	1,982.00	 	2,21,592.50
14 Feb 2025	14 Feb 2025	   BY TRANSFER-NEFT*IDFB0010201*IDFBH25045671855*CASHFREE PAYMENT--	TRANSFER FROM 4697207044302 / 	4430	 	6,470.00	2,28,062.50
14 Feb 2025	14 Feb 2025	   BY TRANSFER-NEFT*HDFC0000001*HDFCH00065043858*JEYARANI JEGANAT--	TRANSFER FROM 3199957044306 / 	4430	 	5,149.00	2,33,211.50
14 Feb 2025	14 Feb 2025	   BY TRANSFER-NEFT*IDFB0010201*IDFBH25045695152*CASHFREE PAYMENT--	TRANSFER FROM 4697177044304 / 	4430	 	6,931.00	2,40,142.50
14 Feb 2025	14 Feb 2025	   BY TRANSFER-NEFT*UTIB0000423*AXOMB04591902045*IYER GANESH BALA--	TRANSFER FROM 4697181044308 / 	4430	 	15,721.00	2,55,863.50
15 Feb 2025	15 Feb 2025	   BY TRANSFER-INB IMPS/504609500624/axb-XX747-MGANESAN/G16DEC24M--	MAKO00218239042          MAKO00218239042          TRANSFER FROM 4597939162094 / 	99922	 	4,574.00	2,60,437.50
15 Feb 2025	15 Feb 2025	   BY TRANSFER-UPI/CR/996494747076/VAMSIDHA/ICIC/9900181705/Payme--	TRANSFER FROM 4897738162095 / 	1	 	11,867.00	2,72,304.50
15 Feb 2025	15 Feb 2025	   BY TRANSFER-INB T1 Prashant--	IT00YVOFC7               TRANSFER FROM 20071385409                         Mr. PRASHANT  SIKDAR / 	99922	 	7,364.00	2,79,668.50
15 Feb 2025	15 Feb 2025	   BY TRANSFER-NEFT*IDFB0010201*IDFBH25046870248*CASHFREE PAYMENT--	TRANSFER FROM 4698177044306 / 	4430	 	6,772.00	2,86,440.50
15 Feb 2025	15 Feb 2025	   BY TRANSFER-NEFT*IDFB0010201*IDFBH25046898406*CASHFREE PAYMENT--	TRANSFER FROM 3199416044303 / 	4430	 	6,458.00	2,92,898.50
16 Feb 2025	16 Feb 2025	   BY TRANSFER-NEFT*RATN0000999*000424211542*CASHFREE PAYMENTS IN--	TRANSFER FROM 4697227044309 / 	4430	 	6,633.00	2,99,531.50
16 Feb 2025	16 Feb 2025	   BY TRANSFER-NEFT*IDFB0010201*IDFBH25047088969*CASHFREE PAYMENT--	TRANSFER FROM 4697207044302 / 	4430	 	6,106.00	3,05,637.50
16 Feb 2025	16 Feb 2025	   BY TRANSFER-INB IMPS/504721752526/ICI-XX017-SURENDRA/S-1_SNB_J--	MAOO00242903820          MAOO00242903820          TRANSFER FROM 4898040162097 / 	99922	 	6,032.00	3,11,669.50
17 Feb 2025	17 Feb 2025	   BY TRANSFER-NEFT*IDFB0010201*IDFBH25048164659*CASHFREE PAYMENT--	TRANSFER FROM 3199413044306 / 	4430	 	6,669.00	3,18,338.50
18 Feb 2025	18 Feb 2025	   BY TRANSFER-INB IMPS/504902167310/RE1-XX196-ABHISHEK/G5 Mainte--	MAPO00210069693          MAPO00210069693          TRANSFER FROM 4698305162098 / 	99922	 	10,000.00	3,28,338.50
18 Feb 2025	18 Feb 2025	TO CLEARING-Chq No. 452618 AXS   OM SAI ENTERPRISES--452618	 / 452618	40743	6,600.00	 	3,21,738.50
18 Feb 2025	18 Feb 2025	   BY TRANSFER-NEFT*IDFB0010201*IDFBH25049518295*CASHFREE PAYMENT--	TRANSFER FROM 3199961044301 / 	4430	 	6,242.00	3,27,980.50
19 Feb 2025	19 Feb 2025	TO CLEARING-Chq No. 452619 BOB   SMITHA T--452619	 / 452619	40743	31,600.00	 	2,96,380.50
19 Feb 2025	19 Feb 2025	TO CLEARING-Chq No. 710281 FBL   AJITHANATHMULTIPURPOS--710281	 / 710281	40743	2,725.00	 	2,93,655.50
20 Feb 2025	20 Feb 2025	TO CLEARING-Chq No. 452604 BOM   Mr SUBODH  PRADHAN--452604	 / 452604	40743	3,000.00	 	2,90,655.50
20 Feb 2025	20 Feb 2025	TO CLEARING-Chq No. 710276 BOM   Mr SUBODH  PRADHAN--710276	 / 710276	40743	3,000.00	 	2,87,655.50
20 Feb 2025	20 Feb 2025	   BY TRANSFER-NEFT*IDFB0010201*IDFBH25051837214*CASHFREE PAYMENT--	TRANSFER FROM 3199965044307 / 	4430	 	5,898.00	2,93,553.50
20 Feb 2025	20 Feb 2025	   BY TRANSFER-NEFT*IDFB0010201*IDFBH25051873184*CASHFREE PAYMENT--	TRANSFER FROM 4698212044308 / 	4430	 	6,804.00	3,00,357.50
21 Feb 2025	21 Feb 2025	   BY TRANSFER-INB IMPS/505210190367/ICI-XX529-MASOOD A/IMPS Tran--	MAIO00201484432          MAIO00201484432          TRANSFER FROM 4597930162092 / 	99922	 	6,755.00	3,07,112.50
21 Feb 2025	21 Feb 2025	   BY TRANSFER-NEFT*IDFB0010201*IDFBH25052038051*CASHFREE PAYMENT--	TRANSFER FROM 4698167044308 / 	4430	 	7,052.00	3,14,164.50
22 Feb 2025	22 Feb 2025	   BY TRANSFER-INB IMPS/505326055303/RNB-XX301-Razorpay/FlatS05Ap--	MAMO00221607512          MAMO00221607512          TRANSFER FROM 4597959162090 / 	99922	 	11,791.00	3,25,955.50
22 Feb 2025	22 Feb 2025	   BY TRANSFER-INB IMPS/505310088418/ICI-XX710-PAWAN SU/IMPS Tran--	MAJO00211873353          MAJO00211873353          TRANSFER FROM 4698304162099 / 	99922	 	6,000.00	3,31,955.50
22 Feb 2025	22 Feb 2025	   BY TRANSFER-INB IMPS/505325236716/RNB-XX301-Razorpay/FlatF09Ap--	MAOO00245149608          MAOO00245149608          TRANSFER FROM 4597935162098 / 	99922	 	6,645.00	3,38,600.50
24 Feb 2025	24 Feb 2025	   BY TRANSFER-INB IMPS/505510725807/axb-XX808-VIVEKDHI/S6--	MAOO00245787399          MAOO00245787399          TRANSFER FROM 4898001162094 / 	99922	 	10,339.00	3,48,939.50
26 Feb 2025	26 Feb 2025	   BY TRANSFER-INB FlatF13MaintenanceJan2025--	IT00YYAZN1               TRANSFER FROM 10421889519                         Mrs. RAMA DEVI S / 	99922	 	7,965.91	3,56,905.41
26 Feb 2025	26 Feb 2025	   BY TRANSFER-INB FlatS13MaintenanceJan2025--	IT00YYAZO7               TRANSFER FROM 10421889519                         Mrs. RAMA DEVI S / 	99922	 	5,973.79	3,62,879.20
28 Feb 2025	28 Feb 2025	TO CLEARING-Chq No. 710280 KOT   SMARTERHOMES TECHNOLOGIE--710280	 / 710280	40743	25,022.00	 	3,37,857.20
28 Feb 2025	28 Feb 2025	   BY TRANSFER-INB IMPS/505928078982/RNB-XX301-Razorpay/FlatF06Ap--	MAIO00203948617          MAIO00203948617          TRANSFER FROM 4597951162098 / 	99922	 	6,144.00	3,44,001.20
28 Feb 2025	28 Feb 2025	   BY TRANSFER-NEFT*UTIB0005157*AXOMB05982773337*A IRUDAYARAJ ALW--	TRANSFER FROM 4697235044309 / 	4430	 	6,563.00	3,50,564.20
28 Feb 2025	28 Feb 2025	   BY TRANSFER-NEFT*HDFC0000001*HDFCH00089624608*RENU R*BATCHID:0--	TRANSFER FROM 4697234044300 / 	4430	 	6,790.00	3,57,354.20

**This is a computer generated statement and does not require a signature