Account Name       :                	MANA PRISTINE FLAT OWNERS WELFARE ASSOCIATION,Mr. NISHANT  UPADHYAY,MAJ PRASENJIT CHAKRAVORTY
Address            :	SURVEY NO 31/38/6 DODDAKANNALLI VILLAGE OFF SARJAPUR ROAD BANGALORE 560035
                                    	
                                    	29-560035
                                    	India
Date               :                	10 Jun 2025
Account Number     :	_00000033001215401
Account Description:	CA-REGULAR-PUB-OTH-ALL-INR
Branch             :	KASAVANAHALLI
Drawing Power      :	0.00
Interest Rate(% p.a.):	0.0
MOD Balance      :	0.00
CIF No.          :	_86725625341
IFS Code         :	SBIN0032295
MICR Code        :	_560002296
Balance on 1 Jan 2025        :	2,16,527.50
Start Date          :	1 Jan 2025
End Date            :	31 Jan 2025
Txn Date	Value Date	Description	Ref No./Cheque No.	Branch Code	        Debit	Credit	Balance	
1 Jan 2025	1 Jan 2025	   BY TRANSFER-INB IMPS/500103024218/axb-XX808-VIVEKDHI/RentS6--	MAOO00222694887          MAOO00222694887          TRANSFER FROM 4897982162095 / 	99922	 	16,421.00	2,32,948.50
1 Jan 2025	1 Jan 2025	   BY TRANSFER-NEFT*UTIB0005157*AXOIR00185430284*SAMRAT KAR*BATCH--	TRANSFER FROM 4697241044301 / 	4430	 	5,500.00	2,38,448.50
2 Jan 2025	2 Jan 2025	   BY TRANSFER-NEFT*UTIB0000194*AXISCN0874627080*NOBR*BATCHID:000--	TRANSFER FROM 4698194044305 / 	4430	 	5,447.00	2,43,895.50
2 Jan 2025	2 Jan 2025	   BY TRANSFER-NEFT*UTIB0000194*AXISCN0875762648*NOBR*BATCHID:003--	TRANSFER FROM 4697216044302 / 	4430	 	4,861.00	2,48,756.50
2 Jan 2025	2 Jan 2025	   BY TRANSFER-NEFT*ICIC0SF0002*ICIN100269845959*MASOODMOHAMMED*B--	TRANSFER FROM 3199420044306 / 	4430	 	4,993.00	2,53,749.50
2 Jan 2025	2 Jan 2025	   BY TRANSFER-NEFT*UTIB0000194*AXISCN0875764062*NOBR*BATCHID:003--	TRANSFER FROM 4698171044302 / 	4430	 	4,522.00	2,58,271.50
2 Jan 2025	2 Jan 2025	   BY TRANSFER-NEFT*UTIB0000194*AXISCN0875767561*NOBR*BATCHID:004--	TRANSFER FROM 4697204044305 / 	4430	 	5,234.00	2,63,505.50
2 Jan 2025	2 Jan 2025	   BY TRANSFER-NEFT*UTIB0000194*AXISCN0875768178*NOBR*BATCHID:004--	TRANSFER FROM 4697197044300 / 	4430	 	4,496.00	2,68,001.50
2 Jan 2025	2 Jan 2025	   BY TRANSFER-NEFT*UTIB0000194*AXISCN0875771233*NOBR*BATCHID:004--	TRANSFER FROM 4698212044308 / 	4430	 	4,797.00	2,72,798.50
2 Jan 2025	2 Jan 2025	   BY TRANSFER-NEFT*UTIB0000194*AXISCN0875809816*NOBR*BATCHID:004--	TRANSFER FROM 3199675044306 / 	4430	 	4,805.00	2,77,603.50
2 Jan 2025	2 Jan 2025	   BY TRANSFER-INB IMPS/500222231186/ICI-XX448-MANIKAND/IMPS Tran--	MAOO00223580007          MAOO00223580007          TRANSFER FROM 4897996162099 / 	99922	 	4,068.00	2,81,671.50
3 Jan 2025	3 Jan 2025	   BY TRANSFER-NEFT*HDFC0000001*N003253488262480*ASHWIN PANDITH*B--	TRANSFER FROM 4697214044304 / 	4430	 	4,970.00	2,86,641.50
3 Jan 2025	3 Jan 2025	   BY TRANSFER-NEFT*UTIB0001506*AXNFCN0876724743*RZPX PRIVATE LIM--	TRANSFER FROM 4698175044308 / 	4430	 	4,686.00	2,91,327.50
3 Jan 2025	3 Jan 2025	   BY TRANSFER-NEFT*UTIB0001506*AXNFCN0876733502*RZPX PRIVATE LIM--	TRANSFER FROM 4697235044309 / 	4430	 	4,822.00	2,96,149.50
7 Jan 2025	7 Jan 2025	CHEQUE WDL-CHEQUE TRANSFER TO--452602	TRANSFER FROM 32430881220                         Mr. D  RAJU / 452602	32295	15,000.00	 	2,81,149.50
7 Jan 2025	7 Jan 2025	CASH CHEQUE-CASH WITHDRAWAL BY CHQ--452607	 / 452607	32295	10,000.00	 	2,71,149.50
8 Jan 2025	8 Jan 2025	   BY TRANSFER-NEFT*UTIB0005157*AXOMB00837232706*SAMRAT KAR*BATCH--	TRANSFER FROM 4697180044308 / 	4430	 	1,661.00	2,72,810.50
9 Jan 2025	9 Jan 2025	   BY TRANSFER-INB Maintenance--	IT00YLFII8               TRANSFER FROM 10458393278                          MAJ PRASENJIT CHAKRAV / 	99922	 	4,796.00	2,77,606.50
9 Jan 2025	9 Jan 2025	   BY TRANSFER-NEFT*UTIB0001506*AXNFCN0882875663*RZPX PRIVATE LIM--	TRANSFER FROM 4698176044307 / 	4430	 	5,539.00	2,83,145.50
9 Jan 2025	9 Jan 2025	   BY TRANSFER-NEFT*UTIB0001506*AXNFCN0882876364*RZPX PRIVATE LIM--	TRANSFER FROM 3199682044307 / 	4430	 	5,141.00	2,88,286.50
9 Jan 2025	9 Jan 2025	   BY TRANSFER-NEFT*UTIB0001506*AXNFCN0882877141*RZPX PRIVATE LIM--	TRANSFER FROM 4698176044307 / 	4430	 	5,422.00	2,93,708.50
9 Jan 2025	9 Jan 2025	   BY TRANSFER-INB IMPS/500916568729/axb-XX578-NOBROKER/FlatT15Ap--	MAPO00196111694          MAPO00196111694          TRANSFER FROM 4897994162091 / 	99922	 	5,183.00	2,98,891.50
9 Jan 2025	9 Jan 2025	   BY TRANSFER-INB IMPS/500919647402/axb-XX578-NOBROKER/FlatF08Ap--	MANO00215827555          MANO00215827555          TRANSFER FROM 4898000162094 / 	99922	 	6,298.00	3,05,189.50
9 Jan 2025	9 Jan 2025	   BY TRANSFER-NEFT*HDFC0000001*N009253506626990*RENU R*BATCHID:0--	TRANSFER FROM 4698174044309 / 	4430	 	5,551.00	3,10,740.50
10 Jan 2025	10 Jan 2025	   BY TRANSFER-INB IMPS/501006145469/axb-XX578-NOBROKER/FlatG15Ap--	MAPO00196312737          MAPO00196312737          TRANSFER FROM 4597933162090 / 	99922	 	4,641.00	3,15,381.50
10 Jan 2025	10 Jan 2025	   BY TRANSFER-UPI/CR/501012615461/VINYAS R/ICIC/1551358457/T 7 D--	TRANSFER FROM 4897737162096 / 	32295	 	4,639.00	3,20,020.50
11 Jan 2025	11 Jan 2025	   BY TRANSFER-INB IMPS/501108627367/axb-XX747-MGANESAN/G16MAINTD--	MAMO00205896932          MAMO00205896932          TRANSFER FROM 4597955162094 / 	99922	 	4,574.00	3,24,594.50
11 Jan 2025	11 Jan 2025	   BY TRANSFER-INB IMPS/501109439229/ICI-XX379-KASIBHAT/G2 Mana P--	MAKO00203758342          MAKO00203758342          TRANSFER FROM 4698328162092 / 	99922	 	6,091.00	3,30,685.50
11 Jan 2025	11 Jan 2025	   BY TRANSFER-INB IMPS/501111215318/axb-XX578-NOBROKER/FlatG11Ap--	MAKO00203824483          MAKO00203824483          TRANSFER FROM 4698325162095 / 	99922	 	4,711.00	3,35,396.50
12 Jan 2025	12 Jan 2025	   BY TRANSFER-INB IMPS/501212933887/axb-XX578-NOBROKER/FlatF14Ap--	MALO00177336932          MALO00177336932          TRANSFER FROM 4698311162091 / 	99922	 	5,794.00	3,41,190.50
13 Jan 2025	13 Jan 2025	   BY TRANSFER-INB IMPS/501307466852/axb-XX578-NOBROKER/FlatS12Ap--	MALO00177519685          MALO00177519685          TRANSFER FROM 4897956162096 / 	99922	 	5,455.00	3,46,645.50
13 Jan 2025	13 Jan 2025	   BY TRANSFER-NEFT*HDFC0000001*HDFCH00002086231*MANISHA GHOSHAL*--	TRANSFER FROM 4698199044300 / 	4430	 	10,000.00	3,56,645.50
14 Jan 2025	14 Jan 2025	   BY TRANSFER-NEFT*ICIC0SF0002*ICIN101471204288*SURENDRANATH BEH--	TRANSFER FROM 4698172044301 / 	4430	 	4,932.00	3,61,577.50
14 Jan 2025	14 Jan 2025	   BY TRANSFER-UPI/CR/504011356969/VAMSIDHA/ICIC/9900181705/Payme--	TRANSFER FROM 4897734162099 / 	1	 	5,793.00	3,67,370.50
15 Jan 2025	15 Jan 2025	   BY TRANSFER-NEFT*HDFC0000001*HDFCH00006800578*N GEETHA*BATCHID--	TRANSFER FROM 4697215044303 / 	4430	 	4,700.00	3,72,070.50
15 Jan 2025	15 Jan 2025	   BY TRANSFER-INB IMPS/501513234318/axb-XX578-NOBROKER/FlatS03Ap--	MAOO00229256212          MAOO00229256212          TRANSFER FROM 4698313162099 / 	99922	 	4,711.00	3,76,781.50
15 Jan 2025	15 Jan 2025	   BY TRANSFER-INB IMPS/501515745222/axb-XX578-NOBROKER/FlatF15Ap--	MANO00218298732          MANO00218298732          TRANSFER FROM 4897979162090 / 	99922	 	5,867.00	3,82,648.50
16 Jan 2025	16 Jan 2025	TO CLEARING-Chq No. 452603 FBL   AJITHANATHMULT--452603	 / 452603	40743	7,000.00	 	3,75,648.50
17 Jan 2025	17 Jan 2025	TO CLEARING-Chq No. 452613 BOB   SMITHA T--452613	 / 452613	40743	41,600.00	 	3,34,048.50
17 Jan 2025	17 Jan 2025	TO CLEARING-Chq No. 452609 AXS   MUNIREDDY A--452609	 / 452609	40743	24,400.00	 	3,09,648.50
17 Jan 2025	17 Jan 2025	TO CLEARING-Chq No. 452600 AXS   OM SAI ENTERPRISES--452600	 / 452600	40743	6,600.00	 	3,03,048.50
17 Jan 2025	17 Jan 2025	TO CLEARING-Chq No. 452614 KOT   SMARTERHOMES TECHNOLOGIE--452614	 / 452614	40743	25,022.00	 	2,78,026.50
17 Jan 2025	17 Jan 2025	CHEQUE WDL-CHEQUE TRANSFER TO--452611	TRANSFER FROM 32430881220                         Mr. D  RAJU / 452611	32295	3,300.00	 	2,74,726.50
20 Jan 2025	20 Jan 2025	TO CLEARING-Chq No. 452610 BOB   BESCOM ASST EXE ENGG S 11--452610	 / 452610	40743	26,348.00	 	2,48,378.50
20 Jan 2025	20 Jan 2025	   BY TRANSFER-NEFT*HDFC0000001*HDFCH00014854796*BALAKRISHNAN KRI--	TRANSFER FROM 4698178044305 / 	4430	 	5,322.00	2,53,700.50
21 Jan 2025	21 Jan 2025	   BY TRANSFER-INB f16maintenance--	IT00YOEAQ4               TRANSFER FROM 10209808020                         Mrs. SREEJA  SUDHARMA / 	99922	 	10,912.00	2,64,612.50
21 Jan 2025	21 Jan 2025	   BY TRANSFER-SBIYA25021180801751370852-G10 maintenanc--	TRANSFER FROM 33028750866                         Mr. CIJO  JACOB / 	61034	 	5,106.00	2,69,718.50
23 Jan 2025	23 Jan 2025	   BY TRANSFER-NEFT*ICIC0SF0002*ICIN102371816064*PAWAN SUBHASH*BA--	TRANSFER FROM 4697228044308 / 	4430	 	4,700.00	2,74,418.50
23 Jan 2025	23 Jan 2025	   BY TRANSFER-INB IMPS/502310374206/axb-XX578-NOBROKER/FlatF07Ap--	MAKO00208452292          MAKO00208452292          TRANSFER FROM 4897991162094 / 	99922	 	5,268.00	2,79,686.50
23 Jan 2025	23 Jan 2025	   BY TRANSFER-INB IMPS/502321101334/axb-XX578-NOBROKER/FlatF09Ap--	MAPO00201182744          MAPO00201182744          TRANSFER FROM 4597947162094 / 	99922	 	5,159.00	2,84,845.50
25 Jan 2025	25 Jan 2025	   BY TRANSFER-INB T1 Prashant--	IT00YPEGR5               TRANSFER FROM 20071385409                         Mr. PRASHANT  SIKDAR / 	99922	 	6,041.00	2,90,886.50
25 Jan 2025	25 Jan 2025	   BY TRANSFER-UPI/CR/502534371824/ANKUR KU/HDFC/agarwalank/UPI--	TRANSFER FROM 4897738162095 / 	32295	 	5,436.00	2,96,322.50
26 Jan 2025	26 Jan 2025	   BY TRANSFER-INB IMPS/502616014741/axb-XX578-NOBROKER/FlatF10Ap--	MANO00222416253          MANO00222416253          TRANSFER FROM 4897988162099 / 	99922	 	5,137.00	3,01,459.50
26 Jan 2025	26 Jan 2025	   BY TRANSFER-INB IMPS/502619973104/ICI-XX529-MASOOD A/IMPS Tran--	MAIO00191842114          MAIO00191842114          TRANSFER FROM 4897980162096 / 	99922	 	5,415.00	3,06,874.50
26 Jan 2025	26 Jan 2025	   BY TRANSFER-INB IMPS/502627191342/RNB-XX301-Razorpay/FlatT16Ap--	MALO00181973876          MALO00181973876          TRANSFER FROM 4698311162091 / 	99922	 	5,228.00	3,12,102.50
26 Jan 2025	26 Jan 2025	   BY TRANSFER-INB IMPS/502620017128/axb-XX814-KAPILGAR/OthersT3--	MALO00181975876          MALO00181975876          TRANSFER FROM 4897977162092 / 	99922	 	5,145.00	3,17,247.50
27 Jan 2025	27 Jan 2025	   BY TRANSFER-NEFT*DEUT0784PBC*DEUTN25027937816*SHYAM SANKARANAR--	TRANSFER FROM 4698209044302 / 	4430	 	4,833.00	3,22,080.50
27 Jan 2025	27 Jan 2025	   BY TRANSFER-INB IMPS/502725111872/RNB-XX301-Razorpay/FlatG07Ap--	MAPO00202188739          MAPO00202188739          TRANSFER FROM 4897955162097 / 	99922	 	5,056.00	3,27,136.50
27 Jan 2025	27 Jan 2025	   BY TRANSFER-INB IMPS/502711023810/axb-XX578-NOBROKER/FlatG01Ap--	MALO00182097063          MALO00182097063          TRANSFER FROM 4897958162094 / 	99922	 	5,359.00	3,32,495.50
27 Jan 2025	27 Jan 2025	   BY TRANSFER-INB IMPS/502712474778/axb-XX578-NOBROKER/FlatS07Ap--	MALO00182139483          MALO00182139483          TRANSFER FROM 4597934162099 / 	99922	 	4,619.00	3,37,114.50
27 Jan 2025	27 Jan 2025	   BY TRANSFER-INB IMPS/502720355008/axb-XX578-NOBROKER/FlatT08Ap--	MANO00222882057          MANO00222882057          TRANSFER FROM 4597934162099 / 	99922	 	5,494.00	3,42,608.50
28 Jan 2025	28 Jan 2025	   BY TRANSFER-NEFT*ICIC0SF0002*ICIN102872097996*DEVENDRA SINGH R--	TRANSFER FROM 3199417044302 / 	4430	 	4,729.00	3,47,337.50
29 Jan 2025	29 Jan 2025	   BY TRANSFER-INB IMPS/502906616644/axb-XX578-NOBROKER/FlatT06Ap--	MANO00223367788          MANO00223367788          TRANSFER FROM 4698313162099 / 	99922	 	5,483.00	3,52,820.50
29 Jan 2025	29 Jan 2025	TO CLEARING-Chq No. 452608 BOM   DIFESA SECURITY SERVICES--452608	 / 452608	40743	1,20,360.00	 	2,32,460.50
29 Jan 2025	29 Jan 2025	TO CLEARING-Chq No. 452616 FBL   AJITHANATHMULTIPURPOS--452616	 / 452616	40743	10,153.00	 	2,22,307.50
29 Jan 2025	29 Jan 2025	   BY TRANSFER-INB IMPS/502925132511/RNB-XX301-Razorpay/FlatG14Ap--	MAMO00212500297          MAMO00212500297          TRANSFER FROM 4897977162092 / 	99922	 	9,040.00	2,31,347.50
31 Jan 2025	31 Jan 2025	   BY TRANSFER-INB IMPS/503108056147/axb-XX578-NOBROKER/FlatF06Ap--	MAJO00202899827          MAJO00202899827          TRANSFER FROM 4897957162095 / 	99922	 	4,982.00	2,36,329.50

**This is a computer generated statement and does not require a signature