Account Number               :	_00000033001215401
Description                  :	CURRENT A/C - COLLECTION A/C
Name                         :	MANA PRISTINE FLAT OWNERS WELFARE ASSOCIATION               
Currency                     :	INR
Corporate Address            :	SY NO.31/38/6, CHIKKENAHALLI MAIN ROAD,OFF SARJAPUR ROAD
                              	
                              	BANGALORE
                              	KARNATAKA-560035
Branch                       :	KASAVANAHALLI(32295)
Rate of Interest (% p.a.)    :	0.0% 
IFS Code                     :	SBIN0032295
Book Balance                 :	182941.50
Available Balance            :	182941.50
Hold Value                   :	0.00
MOD Balance             :	0.00
Uncleared Amount             :	0.00
Balance on 1 Jul 2024        :	3,34,979.50
Start Date                   :	1 Jul 2024
End Date                     :	31 Jul 2024
Txn Date	Value Date	Description	Ref No./Cheque No.	Branch Code	        Debit	Credit	Balance	
01/07/2024	01/07/2024	   BY TRANSFER-NEFT*UTIB0000248*AXCT418366995206*SAMRAT KAR*--	TRANSFER FROM 4697184044305 / 	4430	 	5500.00	340479.50
01/07/2024	01/07/2024	   BY TRANSFER-NEFT*UTIB0000194*AXISCN0666038018*NOBR*FlatG12AptJ--	TRANSFER FROM 4697192044305 / 	4430	 	4547.00	345026.50
04/07/2024	04/07/2024	CHEQUE WDL-  . D  RAJU--452515	TRANSFER FROM 32430881220                         Mr. D  RAJU / 452515	32295	15000.00	 	330026.50
04/07/2024	04/07/2024	CHEQUE WDL-  . D  RAJU--452508	TRANSFER FROM 32430881220                         Mr. D  RAJU / 452508	32295	7800.00	 	322226.50
04/07/2024	04/07/2024	CHEQUE WDL-  . D  RAJU--452510	TRANSFER FROM 32430881220                         Mr. D  RAJU / 452510	32295	9200.00	 	313026.50
04/07/2024	04/07/2024	   BY TRANSFER-NEFT*UTIB0000194*AXISCN0669670905*NOBR*FlatT10AptJ--	TRANSFER FROM 4698176044307 / 	4430	 	5846.00	318872.50
05/07/2024	05/07/2024	TO CLEARING-Chq No. 452507 AXS   MUNIREDDY A--452507	 / 452507	40743	22000.00	 	296872.50
06/07/2024	06/07/2024	TO CLEARING-Chq No. 452511 UBI   D NAGESH--452511	 / 452511	40743	37000.00	 	259872.50
06/07/2024	06/07/2024	   BY TRANSFER-NEFT*ICIC0SF0002*HS92418849586223*MANAS DASGUPTA*S--	TRANSFER FROM 4697230044303 / 	4430	 	6000.00	265872.50
06/07/2024	06/07/2024	   BY TRANSFER-NEFT*UTIB0000194*AXISCN0671257261*NOBR*FlatG07AptJ--	TRANSFER FROM 4697224044302 / 	4430	 	5116.00	270988.50
08/07/2024	08/07/2024	TO CLEARING-Chq No. 452514 BOB   SMITHA T--452514	 / 452514	40743	31600.00	 	239388.50
08/07/2024	08/07/2024	   BY TRANSFER-NEFT*HDFC0000001*N190243140231655*RANJITH KUMAR RA--	TRANSFER FROM 4698177044306 / 	4430	 	13940.00	253328.50
08/07/2024	08/07/2024	   BY TRANSFER-NEFT*UTIB0000194*AXISCN0673020089*NOBR*FlatF14AptJ--	TRANSFER FROM 3199966044306 / 	4430	 	5457.00	258785.50
09/07/2024	09/07/2024	TO CLEARING-Chq No. 452509 HDF   s m murugan--452509	 / 452509	40743	12600.00	 	246185.50
10/07/2024	10/07/2024	TO CLEARING-Chq No. 452512 AXS   OM SAI ENTERPRISES--452512	 / 452512	40743	6600.00	 	239585.50
11/07/2024	11/07/2024	   BY TRANSFER-NEFT*UTIB0000194*AXISCN0676136858*NOBR*FlatT02AptJ--	TRANSFER FROM 4698184044307 / 	4430	 	5558.00	245143.50
11/07/2024	11/07/2024	   BY TRANSFER-SBIYA24193174304118198324-G10 maintenanc--	TRANSFER FROM 33028750866                         Mr. CIJO  JACOB / 	71104	 	5115.00	250258.50
12/07/2024	12/07/2024	TO CLEARING-Chq No. 452513 FBL   AJITHANATHMULTIPURPOS--452513	 / 452513	40743	3030.00	 	247228.50
12/07/2024	12/07/2024	TO CLEARING-Chq No. 452516 FBL   AJITHANATHMULTIPURPOS--452516	 / 452516	40743	5000.00	 	242228.50
13/07/2024	13/07/2024	   BY TRANSFER-INB Maintenance--	IT00WKKES3               TRANSFER FROM 10458393278                          MAJ PRASENJIT CHAKRAV / 	99922	 	4123.00	246351.50
13/07/2024	13/07/2024	   BY TRANSFER-NEFT*UTIB0000194*AXISCN0678353288*NOBR*FlatT09AptJ--	TRANSFER FROM 4697221044305 / 	4430	 	5384.00	251735.50
13/07/2024	13/07/2024	   BY TRANSFER-NEFT*ICIC0SF0002*HS92419550424710*DEVENDRARAWAT*NE--	TRANSFER FROM 3199970044309 / 	4430	 	8610.00	260345.50
13/07/2024	13/07/2024	   BY TRANSFER-NEFT*UTIB0000194*AXISCN0678364883*NOBR*FlatF08AptJ--	TRANSFER FROM 4698166044309 / 	4430	 	4239.00	264584.50
13/07/2024	13/07/2024	   BY TRANSFER-NEFT*UTIB0000194*AXISCN0678381697*NOBR*FlatF09AptJ--	TRANSFER FROM 3199970044309 / 	4430	 	4936.00	269520.50
13/07/2024	13/07/2024	   BY TRANSFER-NEFT*HDFC0000001*N195243151124530*VINYAS RAMACHAND--	TRANSFER FROM 3199679044302 / 	4430	 	4097.00	273617.50
14/07/2024	14/07/2024	   BY TRANSFER-SBIYA24196102305571874325-G13 May June 2--	TRANSFER FROM 20069779779                         Mr. AJAI  BALACHANDRAN / 	4163	 	13673.00	287290.50
14/07/2024	14/07/2024	   BY TRANSFER-NEFT*UTIB0000194*AXISCN0679225603*NOBR*FlatG01AptJ--	TRANSFER FROM 4698172044301 / 	4430	 	4522.00	291812.50
14/07/2024	14/07/2024	   BY TRANSFER-NEFT*UTIB0000194*AXISCN0679267989*NOBR*FlatF14AptJ--	TRANSFER FROM 4697253044307 / 	4430	 	5106.00	296918.50
15/07/2024	15/07/2024	   BY TRANSFER-NEFT*HDFC0000001*N197243152550397*DEBASIS GHOSHAL*--	TRANSFER FROM 4698203044308 / 	4430	 	10000.00	306918.50
15/07/2024	15/07/2024	   BY TRANSFER-NEFT*UTIB0000194*AXISCN0680290324*NOBR*FlatF06AptJ--	TRANSFER FROM 3199419044300 / 	4430	 	8635.00	315553.50
16/07/2024	16/07/2024	   BY TRANSFER-NEFT*HDFC0000001*N198243153837317*ASHWIN PANDITH*G--	TRANSFER FROM 4697175044306 / 	4430	 	4440.00	319993.50
16/07/2024	16/07/2024	   BY TRANSFER-NEFT*UTIB0000194*AXISCN0681045054*NOBR*FlatS04AptJ--	TRANSFER FROM 4697205044304 / 	4430	 	4661.00	324654.50
16/07/2024	16/07/2024	   BY TRANSFER-NEFT*UTIB0005157*AXOIR19813430897*NISHANT UPADHYAY--	TRANSFER FROM 4698163044302 / 	4430	 	10000.00	334654.50
16/07/2024	16/07/2024	   BY TRANSFER-NEFT*UTIB0000194*AXISCN0681073921*NOBR*FlatT11AptJ--	TRANSFER FROM 4697194044303 / 	4430	 	4943.00	339597.50
16/07/2024	16/07/2024	   BY TRANSFER-NEFT*UTIB0005157*AXOIR19814957647*VIMAL N K*Mainte--	TRANSFER FROM 4697227044309 / 	4430	 	9833.00	349430.50
17/07/2024	17/07/2024	   BY TRANSFER-NEFT*UTIB0000194*AXISCN0682337716*NOBR*FlatF15AptJ--	TRANSFER FROM 4698213044307 / 	4430	 	5033.00	354463.50
18/07/2024	18/07/2024	   BY TRANSFER-NEFT*UTIB0000194*AXISCN0683397440*NOBR*FlatG11AptJ--	TRANSFER FROM 3199419044300 / 	4430	 	4367.00	358830.50
19/07/2024	19/07/2024	   BY TRANSFER-NEFT*UTIB0000194*AXISCN0683445687*NOBR*FlatS11AptJ--	TRANSFER FROM 3199424044303 / 	4430	 	4794.00	363624.50
19/07/2024	19/07/2024	TO CLEARING-Chq No. 452521 BOM   DIFESA SECURITY SERVICES--452521	 / 452521	40743	116741.00	 	246883.50
19/07/2024	19/07/2024	TO CLEARING-Chq No. 452518 KOT   SMARTERHOMES TECHNOLOGIE--452518	 / 452518	40743	25022.00	 	221861.50
19/07/2024	19/07/2024	   BY TRANSFER-INB IMPS/420109249333/ICI-XX379-VENKATA /G2 Mana P--	MAK000128241597          MAK000128241597          TRANSFER FROM 4898012162092 / 	99922	 	6313.00	228174.50
20/07/2024	20/07/2024	TO CLEARING-Chq No. 452519 BOM   Mr  SUBODH  PRADHAN--452519	 / 452519	40743	3000.00	 	225174.50
20/07/2024	20/07/2024	   BY TRANSFER-NEFT*ICIC0SF0002*HS92420250982798*PAWAN SUBHASH*NE--	TRANSFER FROM 4697179044302 / 	4430	 	4500.00	229674.50
20/07/2024	20/07/2024	   BY TRANSFER-NEFT*UTIB0000194*AXISCN0685060143*NOBR*FlatT02AptJ--	TRANSFER FROM 4697205044304 / 	4430	 	5472.00	235146.50
20/07/2024	20/07/2024	   CAS CORR PR CHQ-REVERSAL OF WITHDRAWAL BY CHEQUE--	 / 	40743	 	3000.00	238146.50
20/07/2024	20/07/2024	CHQ RET CHARGES---452519	 / 452519	40743	177.00	 	237969.50
21/07/2024	21/07/2024	   BY TRANSFER-NEFT*HDFC0000001*N203243161838535*BALAKRISHNAN KRI--	TRANSFER FROM 4698174044309 / 	4430	 	4749.00	242718.50
21/07/2024	21/07/2024	   BY TRANSFER-INB T1 Prashant--	IT00WNHAL5               TRANSFER FROM 20071385409                         Mr. PRASHANT  SIKDAR / 	99922	 	5357.00	248075.50
22/07/2024	22/07/2024	TO CLEARING-Chq No. 452517 BOB   BESCOM ASST EXE ENGG S 11--452517	 / 452517	40743	23381.00	 	224694.50
22/07/2024	22/07/2024	TO CLEARING-Chq No. 452503 FBL   CHANDRAKUMAR--452503	 / 452503	40743	20400.00	 	204294.50
22/07/2024	22/07/2024	TO CLEARING-Chq No. 452504 FBL   CHANDRAKUMAR--452504	 / 452504	40743	18000.00	 	186294.50
22/07/2024	22/07/2024	TO CLEARING-Chq No. 452520 FBL   CHANDRAKUMAR--452520	 / 452520	40743	19200.00	 	167094.50
22/07/2024	22/07/2024	   BY TRANSFER-NEFT*UTIB0005157*AXOIR20474710075*KAPIL GARG*--	TRANSFER FROM 4697175044306 / 	4430	 	9343.00	176437.50
24/07/2024	24/07/2024	   BY TRANSFER-NEFT*UTIB0000194*AXISCN0688757223*NOBR*FlatS13AptJ--	TRANSFER FROM 3199419044300 / 	4430	 	4321.00	180758.50
24/07/2024	24/07/2024	   BY TRANSFER-NEFT*UTIB0000194*AXISCN0688774970*NOBR*FlatF13AptJ--	TRANSFER FROM 4698201044300 / 	4430	 	6495.00	187253.50
25/07/2024	25/07/2024	TO CLEARING-Chq No. 452519 BOM   Mr  SUBODH  PRADHAN--452519	 / 452519	40743	3000.00	 	184253.50
25/07/2024	25/07/2024	   BY TRANSFER-NEFT*ICIC0SF0002*HS92420751379863*SRIVASTAVASHAILE--	TRANSFER FROM 4697235044309 / 	4430	 	4524.00	188777.50
25/07/2024	25/07/2024	   BY TRANSFER-NEFT*UTIB0000194*AXISCN0689966330*NOBR*FlatS12AptJ--	TRANSFER FROM 4697220044305 / 	4430	 	5123.00	193900.50
25/07/2024	25/07/2024	   BY TRANSFER-NEFT*UTIB0000194*AXISCN0689997247*NOBR*FlatG07AptJ--	TRANSFER FROM 4697252044308 / 	4430	 	4841.00	198741.50
27/07/2024	27/07/2024	   BY TRANSFER-NEFT*UTIB0000194*AXISCN0692032773*NOBR*FlatG14AptJ--	TRANSFER FROM 4697183044306 / 	4430	 	4238.00	202979.50
27/07/2024	27/07/2024	   BY TRANSFER-NEFT*UTIB0000194*AXISCN0692033383*NOBR*FlatT10AptJ--	TRANSFER FROM 3199676044305 / 	4430	 	5620.00	208599.50
27/07/2024	27/07/2024	   BY TRANSFER-NEFT*UTIB0000194*AXISCN0692054280*NOBR*FlatT08AptJ--	TRANSFER FROM 4697225044301 / 	4430	 	4537.00	213136.50
27/07/2024	27/07/2024	   BY TRANSFER-NEFT*UTIB0000194*AXISCN0692062854*NOBR*FlatG12AptJ--	TRANSFER FROM 4698195044304 / 	4430	 	4016.00	217152.50
27/07/2024	27/07/2024	   BY TRANSFER-NEFT*HDFC0000001*N209243171247344*N GEETHA*F11 Mai--	TRANSFER FROM 4697233044301 / 	4430	 	13940.00	231092.50
27/07/2024	27/07/2024	   BY TRANSFER-NEFT*HDFC0000001*N209243171315084*RENU R*F4 Mainte--	TRANSFER FROM 3199679044302 / 	4430	 	4410.00	235502.50
28/07/2024	28/07/2024	   BY TRANSFER-NEFT*UTIB0000194*AXISCN0692973472*NOBR*FlatS07AptJ--	TRANSFER FROM 3199414044305 / 	4430	 	4119.00	239621.50
28/07/2024	28/07/2024	   BY TRANSFER-SBIYA24210112902824798544-G10 Maintenanc--	TRANSFER FROM 33028750866                         Mr. CIJO  JACOB / 	71104	 	4860.00	244481.50
28/07/2024	28/07/2024	   BY TRANSFER-NEFT*UTIB0000194*AXISCN0692985781*NOBR*FlatT06AptJ--	TRANSFER FROM 4697198044309 / 	4430	 	10908.00	255389.50
28/07/2024	28/07/2024	   BY TRANSFER-NEFT*UTIB0005157*AXOIR21036937994*MS. JEYARANI JEG--	TRANSFER FROM 4698178044305 / 	4430	 	4200.00	259589.50
28/07/2024	28/07/2024	   BY TRANSFER-NEFT*UTIB0000194*AXISCN0693051756*NOBR*FlatS02AptJ--	TRANSFER FROM 4698189044302 / 	4430	 	6441.00	266030.50
28/07/2024	28/07/2024	   BY TRANSFER-UPI/CR/421034898437/ANKUR KU/HDFC/agarwalank/UPI--	TRANSFER FROM 4897738162095 / 	32295	 	4599.00	270629.50
29/07/2024	29/07/2024	   BY TRANSFER-NEFT*UTIB0000194*AXISCN0693838078*NOBR*FlatT15AptJ--	TRANSFER FROM 4697186044303 / 	4430	 	5220.00	275849.50
29/07/2024	29/07/2024	   BY TRANSFER-INB IMPS/421109124177/RE1-XX196-ABHISHEK/G5 Mainte--	MAO000155760415          MAO000155760415          TRANSFER FROM 4597931162092 / 	99922	 	20000.00	295849.50
29/07/2024	29/07/2024	   BY TRANSFER-NEFT*ICIC0SF0002*HS92421151704759*SURENDRANATH BEH--	TRANSFER FROM 4698207044304 / 	4430	 	4280.00	300129.50
29/07/2024	29/07/2024	   BY TRANSFER-INB IMPS/421118437038/axb-XX747-MGANESAN/G16MAYJUN--	MAP000137427353          MAP000137427353          TRANSFER FROM 4897951162091 / 	99922	 	8460.00	308589.50
29/07/2024	29/07/2024	   BY TRANSFER-UPI/CR/494338214128/SHANTANU/HDFC/7033090806/F2 Ma--	TRANSFER FROM 4897732162091 / 	32295	 	35550.00	344139.50
29/07/2024	29/07/2024	   BY TRANSFER-NEFT*UTIB0005157*AXOIR21148509613*VIVEK DHINGRA*Fl--	TRANSFER FROM 4697245044307 / 	4430	 	4075.00	348214.50
29/07/2024	29/07/2024	   BY TRANSFER-NEFT*UTIB0000194*AXISCN0694164161*NOBR*FlatT13AptJ--	TRANSFER FROM 3199411044308 / 	4430	 	4363.00	352577.50
29/07/2024	29/07/2024	   BY TRANSFER-NEFT*ICIC0SF0002*HS92421151781197*MANAS DASGUPTA*S--	TRANSFER FROM 3199971044309 / 	4430	 	4159.00	356736.50
29/07/2024	29/07/2024	   BY TRANSFER-NEFT*HSBC0560002*HSBCN24211515198*MR MADHUSOODANAN--	TRANSFER FROM 4697232044302 / 	4430	 	18392.00	375128.50
30/07/2024	30/07/2024	   BY TRANSFER-NEFT*UTIB0000194*AXISCN0694830885*NOBR*FlatS05AptJ--	TRANSFER FROM 3199420044306 / 	4430	 	4655.00	379783.50
30/07/2024	30/07/2024	   BY TRANSFER-NEFT*UTIB0000194*AXISCN0694841372*NOBR*FlatF10AptJ--	TRANSFER FROM 4698168044307 / 	4430	 	9437.00	389220.50
30/07/2024	30/07/2024	   BY TRANSFER-INB IMPS/421213391289/ICI-XX621-MOHIT DA/Maintenan--	MAK000133225628          MAK000133225628          TRANSFER FROM 4897970162098 / 	99922	 	50000.00	439220.50
31/07/2024	31/07/2024	   BY TRANSFER-NEFT*UTIB0005157*AXOMB21369428285*A IRUDAYARAJ ALW--	TRANSFER FROM 4697214044304 / 	4430	 	4299.00	443519.50

**This is a computer generated statement and does not require a signature