Account Number               :	_00000033001215401
Description                  :	CURRENT A/C - COLLECTION A/C
Name                         :	MANA PRISTINE FLAT OWNERS WELFARE ASSOCIATION               
Currency                     :	INR
Corporate Address            :	SY NO.31/38/6, CHIKKENAHALLI MAIN ROAD,OFF SARJAPUR ROAD
                              	
                              	BANGALORE
                              	KARNATAKA-560035
Branch                       :	KASAVANAHALLI(32295)
Rate of Interest (% p.a.)    :	0.0% 
IFS Code                     :	SBIN0032295
Book Balance                 :	182941.50
Available Balance            :	182941.50
Hold Value                   :	0.00
MOD Balance             :	0.00
Uncleared Amount             :	0.00
Balance on 1 Jun 2024        :	3,21,385.50
Start Date                   :	1 Jun 2024
End Date                     :	30 Jun 2024
Txn Date	Value Date	Description	Ref No./Cheque No.	Branch Code	        Debit	Credit	Balance	
01/06/2024	01/06/2024	   BY TRANSFER-NEFT*UTIB0000248*AXCT415365604016*SAMRAT KAR*--	TRANSFER FROM 3199679044302 / 	4430	 	5500.00	326885.50
01/06/2024	01/06/2024	   BY TRANSFER-UPI/CR/415311064063/ANKUR KU/HDFC/agarwalank/UPI--	TRANSFER FROM 4897737162096 / 	32295	 	4895.00	331780.50
03/06/2024	03/06/2024	   BY TRANSFER-NEFT*ICIC0SF0002*HS92415545691392*MANAS DASGUPTA*S--	TRANSFER FROM 4698168044307 / 	4430	 	10223.00	342003.50
04/06/2024	04/06/2024	   BY TRANSFER-NEFT*HDFC0000001*N156243072728246*ASHWIN PANDITH*G--	TRANSFER FROM 4697247044305 / 	4430	 	6043.00	348046.50
04/06/2024	04/06/2024	   BY TRANSFER-NEFT*UTIB0000248*AXCT415665802757*VIMAL N K*--	TRANSFER FROM 3199422044305 / 	4430	 	5078.00	353124.50
05/06/2024	05/06/2024	   BY TRANSFER-NEFT*UTIB0000194*AXISCN0640970833*NOBR*FlatG07AptJ--	TRANSFER FROM 3199971044309 / 	4430	 	4929.00	358053.50
05/06/2024	05/06/2024	   BY TRANSFER-NEFT*UTIB0000194*AXISCN0641409811*NOBR*FlatT10AptJ--	TRANSFER FROM 4698213044307 / 	4430	 	5883.00	363936.50
09/06/2024	09/06/2024	   BY TRANSFER-NEFT*ICIC0SF0002*HS92416146579809*SRIVASTAVASHAILE--	TRANSFER FROM 4697214044304 / 	4430	 	4750.00	368686.50
10/06/2024	10/06/2024	TO CLEARING-Chq No. 452490 AXS   OM SAI ENTERPRISES--452490	 / 452490	40743	6600.00	 	362086.50
11/06/2024	11/06/2024	TO CLEARING-Chq No. 452489 AXS   MUNIREDDY A--452489	 / 452489	40743	19000.00	 	343086.50
11/06/2024	11/06/2024	CASH CHEQUE-CASH WITHDRAWAL BY CHQ--452495	 / 452495	32295	10000.00	 	333086.50
11/06/2024	11/06/2024	TO DEBIT THROUGH CHEQUE-SBI   20126 RAJU D--452493	 / 452493	32295	3300.00	 	329786.50
11/06/2024	11/06/2024	TO DEBIT THROUGH CHEQUE-SBI   20126 RAJU D--452494	 / 452494	32295	15000.00	 	314786.50
11/06/2024	11/06/2024	   BY TRANSFER-NEFT*UTIB0000194*AXISCN0647448617*NOBR*FlatT06AptJ--	TRANSFER FROM 4698194044305 / 	4430	 	5425.00	320211.50
15/06/2024	15/06/2024	TO CLEARING-Chq No. 452492 BOM   DIFESA SECURITY SERVICES--452492	 / 452492	40743	116858.00	 	203353.50
15/06/2024	15/06/2024	TO CLEARING-Chq No. 452491 BOB   SMITHA T--452491	 / 452491	40743	31600.00	 	171753.50
16/06/2024	16/06/2024	   BY TRANSFER-NEFT*UTIB0000194*AXISCN0652621675*NOBR*FlatT09AptJ--	TRANSFER FROM 4698179044304 / 	4430	 	5696.00	177449.50
16/06/2024	16/06/2024	   BY TRANSFER-NEFT*UTIB0000423*AXOMB16807317871*IYER GANESH BALA--	TRANSFER FROM 4698208044303 / 	4430	 	9365.00	186814.50
16/06/2024	16/06/2024	   BY TRANSFER-NEFT*UTIB0000194*AXISCN0652628450*NOBR*FlatS11AptJ--	TRANSFER FROM 3199423044304 / 	4430	 	4510.00	191324.50
16/06/2024	16/06/2024	   BY TRANSFER-NEFT*UTIB0000194*AXISCN0652630064*NOBR*FlatS05AptJ--	TRANSFER FROM 4698199044300 / 	4430	 	14732.00	206056.50
16/06/2024	16/06/2024	   BY TRANSFER-NEFT*UTIB0000194*AXISCN0652634341*NOBR*FlatS04AptJ--	TRANSFER FROM 4698205044306 / 	4430	 	5358.00	211414.50
16/06/2024	16/06/2024	   BY TRANSFER-NEFT*UTIB0000194*AXISCN0652640188*NOBR*FlatF09AptJ--	TRANSFER FROM 3199962044300 / 	4430	 	5115.00	216529.50
16/06/2024	16/06/2024	   BY TRANSFER-NEFT*UTIB0000194*AXISCN0652649105*NOBR*FlatT11AptJ--	TRANSFER FROM 3199964044308 / 	4430	 	4440.00	220969.50
16/06/2024	16/06/2024	   BY TRANSFER-NEFT*HDFC0000001*N168243098606359*VINYAS RAMACHAND--	TRANSFER FROM 4697253044307 / 	4430	 	8823.00	229792.50
17/06/2024	17/06/2024	   BY TRANSFER-NEFT*UTIB0000194*AXISCN0652678005*NOBR*FlatG11AptJ--	TRANSFER FROM 4697226044300 / 	4430	 	4715.00	234507.50
17/06/2024	17/06/2024	TO CLEARING-Chq No. 452498 YES   SHREE OFFICE PLANET--452498	 / 452498	40743	7175.00	 	227332.50
17/06/2024	17/06/2024	TO CLEARING-Chq No. 452496 BOM   Mr  SUBODH  PRADHAN--452496	 / 452496	40743	3000.00	 	224332.50
17/06/2024	17/06/2024	   BY TRANSFER-INB Maintenance--	IT00VYLTT2               TRANSFER FROM 10458393278                          MAJ PRASENJIT CHAKRAV / 	99922	 	4451.00	228783.50
17/06/2024	17/06/2024	   BY TRANSFER-NEFT*UTIB0000194*AXISCN0653204863*NOBR*FlatT13AptJ--	TRANSFER FROM 4697187044302 / 	4430	 	18344.00	247127.50
18/06/2024	18/06/2024	   BY TRANSFER-NEFT*UTIB0000248*AXCT417066314079*RENU R*--	TRANSFER FROM 4697216044302 / 	4430	 	13660.00	260787.50
19/06/2024	19/06/2024	TO CLEARING-Chq No. 452499 BOB   BESCOM ASST EXE ENGG S 11--452499	 / 452499	40743	26766.00	 	234021.50
19/06/2024	19/06/2024	   BY TRANSFER-NEFT*HDFC0000001*N171243101915439*BALAKRISHNAN KRI--	TRANSFER FROM 3199958044305 / 	4430	 	5373.00	239394.50
20/06/2024	20/06/2024	TO CLEARING-Chq No. 452500 KOT   SMARTERHOMES TECHNOLOGIE--452500	 / 452500	40743	25022.00	 	214372.50
20/06/2024	20/06/2024	   BY TRANSFER-NEFT*UTIB0000194*AXISCN0655878284*NOBR*FlatG14AptJ--	TRANSFER FROM 3199972044308 / 	4430	 	4617.00	218989.50
20/06/2024	20/06/2024	   BY TRANSFER-NEFT*UTIB0000194*AXISCN0655904803*NOBR*FlatS07AptJ--	TRANSFER FROM 3199959044304 / 	4430	 	4448.00	223437.50
21/06/2024	21/06/2024	TO CLEARING-Chq No. 452501 FBL   AJITHANATHMULTIPURPOS--452501	 / 452501	40743	5000.00	 	218437.50
21/06/2024	21/06/2024	TO CLEARING-Chq No. 452506 FBL   AJITHANATHMULTIPURPOS--452506	 / 452506	40743	18000.00	 	200437.50
21/06/2024	21/06/2024	   BY TRANSFER-NEFT*UTIB0000194*AXISCN0656810453*NOBR*FlatF08AptJ--	TRANSFER FROM 3199955044308 / 	4430	 	5176.00	205613.50
21/06/2024	21/06/2024	   BY TRANSFER-NEFT*UTIB0000248*AXCT417366411280*MS. JEYARANI JEG--	TRANSFER FROM 4697179044302 / 	4430	 	5000.00	210613.50
22/06/2024	22/06/2024	   BY TRANSFER-INB IMPS417410974635/8971434714/XX6379/G2 Mana Pr--	MAO000138265061          MAO000138265061          TRANSFER FROM 4898031162099 / 	99922	 	6857.00	217470.50
22/06/2024	22/06/2024	   BY TRANSFER-NEFT*UTIB0000194*AXISCN0657743908*NOBR*FlatF15AptJ--	TRANSFER FROM 4698212044308 / 	4430	 	5504.00	222974.50
23/06/2024	23/06/2024	   BY TRANSFER-NEFT*UTIB0000194*AXISCN0658189949*NOBR*FlatS12AptJ--	TRANSFER FROM 3199675044306 / 	4430	 	9926.00	232900.50
23/06/2024	23/06/2024	   BY TRANSFER-NEFT*ICIC0SF0002*HS92417547784929*PRIYABRATA MOHAP--	TRANSFER FROM 4697195044302 / 	4430	 	14361.00	247261.50
23/06/2024	23/06/2024	   BY TRANSFER-NEFT*ICIC0SF0002*HS92417547799953*PAWAN SUBHASH*S9--	TRANSFER FROM 4698188044303 / 	4430	 	4540.00	251801.50
23/06/2024	23/06/2024	   BY TRANSFER-NEFT*UTIB0000248*AXCT417566453323*VIVEK DHINGRA*--	TRANSFER FROM 4698192044307 / 	4430	 	8844.00	260645.50
24/06/2024	24/06/2024	   BY TRANSFER-NEFT*UTIB0000194*AXISCN0659124591*NOBR*FlatG01AptJ--	TRANSFER FROM 4697234044300 / 	4430	 	5020.00	265665.50
24/06/2024	24/06/2024	   BY TRANSFER-NEFT*ICIC0SF0002*HS92417647833523*SURENDRANATH BEH--	TRANSFER FROM 4698211044309 / 	4430	 	4620.00	270285.50
24/06/2024	24/06/2024	   BY TRANSFER-INB T1 Prashant--	IT00WAZWN3               TRANSFER FROM 20071385409                         Mr. PRASHANT  SIKDAR / 	99922	 	5236.00	275521.50
25/06/2024	25/06/2024	   BY TRANSFER-NEFT*HDFC0000001*N177243111764916*ASHWIN PANDITH*G--	TRANSFER FROM 4697243044309 / 	4430	 	4500.00	280021.50
26/06/2024	26/06/2024	   BY TRANSFER-NEFT*UTIB0000194*AXISCN0661302137*NOBR*FlatT15AptJ--	TRANSFER FROM 4698180044300 / 	4430	 	5314.00	285335.50
29/06/2024	29/06/2024	   BY TRANSFER-UPI/CR/418134019595/ANKUR KU/HDFC/agarwalank/UPI--	TRANSFER FROM 4897737162096 / 	32295	 	5030.00	290365.50
29/06/2024	29/06/2024	   BY TRANSFER-NEFT*UTIB0000248*AXCT418166952601*A IRUDAYARAJ ALW--	TRANSFER FROM 3199415044304 / 	4430	 	5430.00	295795.50
30/06/2024	30/06/2024	   BY TRANSFER-NEFT*UTIB0000194*AXISCN0665251446*NOBR*FlatT08AptJ--	TRANSFER FROM 4698170044302 / 	4430	 	5179.00	300974.50
30/06/2024	30/06/2024	   BY TRANSFER-NEFT*UTIB0000194*AXISCN0665301508*NOBR*FlatF13AptJ--	TRANSFER FROM 4698194044305 / 	4430	 	13675.00	314649.50
30/06/2024	30/06/2024	   BY TRANSFER-NEFT*UTIB0000194*AXISCN0665302927*NOBR*FlatS13AptJ--	TRANSFER FROM 4698198044301 / 	4430	 	9936.00	324585.50
30/06/2024	30/06/2024	   BY TRANSFER-NEFT*UTIB0000194*AXISCN0665309594*NOBR*FlatS02AptJ--	TRANSFER FROM 4697201044308 / 	4430	 	5726.00	330311.50
30/06/2024	30/06/2024	   BY TRANSFER-NEFT*ICIC0SF0002*HS92418248539565*SRIVASTAVASHAILE--	TRANSFER FROM 4698190044308 / 	4430	 	4668.00	334979.50

**This is a computer generated statement and does not require a signature