Account Name       :                	MANA PRISTINE FLAT OWNERS WELFARE ASSOCIATION,Mr. NISHANT  UPADHYAY,MAJ PRASENJIT CHAKRAVORTY
Address            :	SURVEY NO 31/38/6 DODDAKANNALLI VILLAGE OFF SARJAPUR ROAD BANGALORE 560035
                                    	
                                    	29-560035
                                    	India
Date               :                	10 Jun 2025
Account Number     :	_00000033001215401
Account Description:	CA-REGULAR-PUB-OTH-ALL-INR
Branch             :	KASAVANAHALLI
Drawing Power      :	0.00
Interest Rate(% p.a.):	0.0
MOD Balance      :	0.00
CIF No.          :	_86725625341
IFS Code         :	SBIN0032295
MICR Code        :	_560002296
Balance on 1 Mar 2025        :	3,57,354.20
Start Date          :	1 Mar 2025
End Date            :	31 Mar 2025
Txn Date	Value Date	Description	Ref No./Cheque No.	Branch Code	        Debit	Credit	Balance	
1 Mar 2025	1 Mar 2025	TO CLEARING-Chq No. 452620 CHB   KONE ELEVATOR INDIA PVT L--452620	 / 452620	40743	84,200.00	 	2,73,154.20
1 Mar 2025	1 Mar 2025	   BY TRANSFER-NEFT*UTIB0005157*AXOIR06088270062*SAMRAT KAR*BATCH--	TRANSFER FROM 4697178044303 / 	4430	 	6,000.00	2,79,154.20
1 Mar 2025	1 Mar 2025	   BY TRANSFER-INB IMPS/506025249284/RNB-XX301-Razorpay/FlatS02Ap--	MALO00193904920          MALO00193904920          TRANSFER FROM 4898024162098 / 	99922	 	8,319.00	2,87,473.20
1 Mar 2025	1 Mar 2025	   BY TRANSFER-NEFT*HDFC0000001*HDFCH00092404686*BALAKRISHNAN KRI--	TRANSFER FROM 4697181044308 / 	4430	 	6,813.00	2,94,286.20
1 Mar 2025	1 Mar 2025	   BY TRANSFER-NEFT*DEUT0784PBC*DEUTN25060347487*SHYAM SANKARANAR--	TRANSFER FROM 4697216044302 / 	4430	 	6,208.00	3,00,494.20
2 Mar 2025	2 Mar 2025	   BY TRANSFER-INB IMPS/506126080190/RNB-XX301-Razorpay/FlatT08Ap--	MAKO00224583352          MAKO00224583352          TRANSFER FROM 4897985162092 / 	99922	 	6,267.00	3,06,761.20
2 Mar 2025	2 Mar 2025	   BY TRANSFER-SBIYA25061115701468516827-G10 maintenanc--	TRANSFER FROM 33028750866                         Mr. CIJO  JACOB / 	61034	 	6,351.00	3,13,112.20
2 Mar 2025	2 Mar 2025	   BY TRANSFER-INB IMPS/506127125926/RNB-XX301-Razorpay/FlatS15Ap--	MAPO00214419238          MAPO00214419238          TRANSFER FROM 4698311162091 / 	99922	 	16,680.00	3,29,792.20
2 Mar 2025	2 Mar 2025	   BY TRANSFER-NEFT*ICIC0SF0002*ICIN106174565370*DEVENDRA SINGH R--	TRANSFER FROM 3199423044304 / 	4430	 	6,012.00	3,35,804.20
2 Mar 2025	2 Mar 2025	   BY TRANSFER-UPI/CR/100834458155/ANKUR KU/HDFC/agarwalank/G9 Ja--	TRANSFER FROM 4897732162091 / 	32295	 	6,667.00	3,42,471.20
3 Mar 2025	3 Mar 2025	   BY TRANSFER-INB IMPS/506228023181/RNB-XX301-Razorpay/FlatF07Ap--	MAKO00224948895          MAKO00224948895          TRANSFER FROM 4897954162098 / 	99922	 	6,571.00	3,49,042.20
3 Mar 2025	3 Mar 2025	   BY TRANSFER-INB IMPS/506225118344/RNB-XX301-Razorpay/FlatF10Ap--	MAKO00225046267          MAKO00225046267          TRANSFER FROM 4898002162093 / 	99922	 	6,706.00	3,55,748.20
3 Mar 2025	3 Mar 2025	   BY TRANSFER-INB IMPS/506225292146/RNB-XX301-Razorpay/FlatT06Ap--	MAKO00225197686          MAKO00225197686          TRANSFER FROM 4698303162090 / 	99922	 	6,750.00	3,62,498.20
4 Mar 2025	4 Mar 2025	   BY TRANSFER-NEFT*HDFC0000001*HDFCH00098134086*N GEETHA*BATCHID--	TRANSFER FROM 4697234044300 / 	4430	 	5,940.00	3,68,438.20
7 Mar 2025	7 Mar 2025	TO CLEARING-Chq No. 710282 KBL   SUNIL KUMAR--710282	 / 710282	40743	5,600.00	 	3,62,838.20
8 Mar 2025	8 Mar 2025	   BY TRANSFER-NEFT*HDFC0000001*HDFCH00109860163*JEYARANI JEGANAT--	TRANSFER FROM 4698204044307 / 	4430	 	5,835.00	3,68,673.20
10 Mar 2025	10 Mar 2025	   BY TRANSFER-INB Maintenance charges--	IT00ZCINO6               TRANSFER FROM 10458393278                          MAJ PRASENJIT CHAKRAV / 	99922	 	4,119.00	3,72,792.20
10 Mar 2025	10 Mar 2025	   BY TRANSFER-NEFT*HDFC0000001*HDFCH00112254788*MANISHA GHOSHAL*--	TRANSFER FROM 4698196044303 / 	4430	 	5,765.00	3,78,557.20
11 Mar 2025	11 Mar 2025	TO CLEARING-Chq No. 452612 FBL   CHANDRAKUMARPCHANDRA--452612	 / 452612	40743	18,000.00	 	3,60,557.20
11 Mar 2025	11 Mar 2025	CHEQUE WDL-CHEQUE TRANSFER TO--710283	TRANSFER FROM 32430881220                         Mr. D  RAJU / 710283	32295	15,000.00	 	3,45,557.20
11 Mar 2025	11 Mar 2025	CASH CHEQUE-CASH WITHDRAWAL BY CHQ--710293	 / 710293	32295	10,000.00	 	3,35,557.20
11 Mar 2025	11 Mar 2025	   BY TRANSFER-NEFT*HDFC0000001*HDFCH00115037896*ASHWIN PANDITH*B--	TRANSFER FROM 4698180044300 / 	4430	 	4,685.00	3,40,242.20
12 Mar 2025	12 Mar 2025	   BY TRANSFER-INB IMPS/507120568169/ICI-XX017-SURENDRA/S-1_SNB_F--	MALO00198393539          MALO00198393539          TRANSFER FROM 4898022162090 / 	99922	 	3,837.45	3,44,079.65
12 Mar 2025	12 Mar 2025	   A/C Keeping Chgs---	 / 	99999	649.00	 	3,43,430.65
14 Mar 2025	14 Mar 2025	TO CLEARING-Chq No. 710284 BOB   ASSISTANT EXECUTIVE ENGIN--710284	 / 710284	40743	24,556.00	 	3,18,874.65
14 Mar 2025	14 Mar 2025	TO CLEARING-Chq No. 710288 FBL   ASHOKKUMARBAR--710288	 / 710288	40743	7,000.00	 	3,11,874.65
14 Mar 2025	14 Mar 2025	TO CLEARING-Chq No. 710287 AXS   OM SAI ENTERPRISES--710287	 / 710287	40743	6,600.00	 	3,05,274.65
15 Mar 2025	15 Mar 2025	   BY TRANSFER-INB IMPS/507427072133/RNB-XX301-Razorpay/FlatF09Ap--	MANO00241869996          MANO00241869996          TRANSFER FROM 4597936162097 / 	99922	 	4,629.00	3,09,903.65
15 Mar 2025	15 Mar 2025	   BY TRANSFER-INB IMPS/507428072324/RNB-XX301-Razorpay/FlatF08Ap--	MAJO00220658874          MAJO00220658874          TRANSFER FROM 4898024162098 / 	99922	 	3,874.00	3,13,777.65
15 Mar 2025	15 Mar 2025	   BY TRANSFER-INB IMPS/507428075063/RNB-XX301-Razorpay/FlatT09Ap--	MAKO00230395103          MAKO00230395103          TRANSFER FROM 4898023162099 / 	99922	 	4,610.00	3,18,387.65
15 Mar 2025	15 Mar 2025	   BY TRANSFER-INB IMPS/507426077843/RNB-XX301-Razorpay/FlatS04Ap--	MAPO00219202993          MAPO00219202993          TRANSFER FROM 4597935162098 / 	99922	 	3,994.00	3,22,381.65
15 Mar 2025	15 Mar 2025	   BY TRANSFER-NEFT*HDFC0000001*HDFCH00124099702*RENU R*BATCHID:0--	TRANSFER FROM 4698177044306 / 	4430	 	4,200.00	3,26,581.65
16 Mar 2025	16 Mar 2025	   BY TRANSFER-UPI/CR/507538647926/VINYAS R/ICIC/1551358457/T 7 F--	TRANSFER FROM 4897732162091 / 	32295	 	3,923.00	3,30,504.65
16 Mar 2025	16 Mar 2025	   BY TRANSFER-INB IMPS/507528070628/RNB-XX301-Razorpay/FlatS03Ap--	MAOO00254758533          MAOO00254758533          TRANSFER FROM 4698331162097 / 	99922	 	4,392.00	3,34,896.65
16 Mar 2025	16 Mar 2025	   BY TRANSFER-INB IMPS/507525186520/RNB-XX301-Razorpay/FlatG14Ap--	MAPO00219538793          MAPO00219538793          TRANSFER FROM 4898044162094 / 	99922	 	4,325.00	3,39,221.65
16 Mar 2025	16 Mar 2025	   BY TRANSFER-INB IMPS/507525350401/RNB-XX301-Razorpay/FlatT11Ap--	MAPO00219617316          MAPO00219617316          TRANSFER FROM 4898039162091 / 	99922	 	4,074.00	3,43,295.65
16 Mar 2025	16 Mar 2025	   BY TRANSFER-NEFT*HDFC0000001*HDFCH00124348049*N GEETHA*BATCHID--	TRANSFER FROM 99509044300 / 	4430	 	4,000.00	3,47,295.65
17 Mar 2025	17 Mar 2025	   BY TRANSFER-SBIYA25076072004996096343-G10 maintenanc--	TRANSFER FROM 33028750866                         Mr. CIJO  JACOB / 	61034	 	4,178.00	3,51,473.65
17 Mar 2025	17 Mar 2025	   BY TRANSFER-INB IMPS/507626105155/RNB-XX301-Razorpay/FlatS11Ap--	MAMO00230544566          MAMO00230544566          TRANSFER FROM 4897996162099 / 	99922	 	4,546.00	3,56,019.65
18 Mar 2025	18 Mar 2025	   BY TRANSFER-NEFT*UTIB0000423*AXOMB07702478814*IYER GANESH BALA--	TRANSFER FROM 4698187044304 / 	4430	 	4,233.00	3,60,252.65
19 Mar 2025	19 Mar 2025	TO CLEARING-Chq No. 710292 KOT   SMARTERHOMES TECHNOLOGIE--710292	 / 710292	40743	25,022.00	 	3,35,230.65
20 Mar 2025	20 Mar 2025	TO CLEARING-Chq No. 710278 BOM   DIFESA SECURITY SERVICES--710278	 / 710278	40743	1,20,360.00	 	2,14,870.65
21 Mar 2025	21 Mar 2025	TO CLEARING-Chq No. 710285 BOB   SMITHA T--710285	 / 710285	40743	31,600.00	 	1,83,270.65
21 Mar 2025	21 Mar 2025	CHEQUE BOOK ISSUE CHARGE---38976288	 / 38976288	32295	1,239.00	 	1,82,031.65
21 Mar 2025	21 Mar 2025	   BY TRANSFER-IMPS/508026264971/RNB-XX301-Razorpay/FlatG11Ap--	TRANSFER FROM 4698323162097 / 	16209	 	4,043.00	1,86,074.65
23 Mar 2025	23 Mar 2025	   BY TRANSFER-IMPS/508221378415/ICI-XX312-SHAILESH/IMPS Tran--	TRANSFER FROM 4698333162095 / 	16209	 	3,937.00	1,90,011.65
23 Mar 2025	23 Mar 2025	   BY TRANSFER-IMPS/508221265676/axb-XX814-KAPILGAR/T3--	TRANSFER FROM 4698333162095 / 	16209	 	4,249.56	1,94,261.21
23 Mar 2025	23 Mar 2025	   BY TRANSFER-IMPS/508222310687/axb-XX808-VIVEKDHI/S6--	TRANSFER FROM 4698333162095 / 	16209	 	3,864.00	1,98,125.21
23 Mar 2025	23 Mar 2025	   BY TRANSFER-NEFT*ICIC0SF0002*ICIN108275866763*PAWAN SUBHASH*BA--	TRANSFER FROM 99509044300 / 	4430	 	4,140.00	2,02,265.21
24 Mar 2025	24 Mar 2025	   BY TRANSFER-INB F16maintenance--	IT00ZFYZB7               TRANSFER FROM 10209808020                         Mrs. SREEJA  SUDHARMA / 	99922	 	4,641.48	2,06,906.69
24 Mar 2025	24 Mar 2025	   BY TRANSFER-IMPS/508225413508/RNB-XX301-Razorpay/FlatF15Ap--	TRANSFER FROM 4698333162095 / 	16209	 	5,102.00	2,12,008.69
24 Mar 2025	24 Mar 2025	   BY TRANSFER-IMPS/508328028840/RNB-XX301-Razorpay/FlatF14Ap--	TRANSFER FROM 4698302162091 / 	16209	 	5,173.00	2,17,181.69
24 Mar 2025	24 Mar 2025	   BY TRANSFER-IMPS/508325351745/RNB-XX301-Razorpay/FlatT15Ap--	TRANSFER FROM 4698302162091 / 	16209	 	4,602.00	2,21,783.69
25 Mar 2025	25 Mar 2025	TO CLEARING-Chq No. 710294 CAB   RAVI--710294	 / 710294	40743	6,000.00	 	2,15,783.69
25 Mar 2025	25 Mar 2025	   BY TRANSFER-IMPS/508427183462/RNB-XX301-Razorpay/FlatS12Ap--	TRANSFER FROM 4698308162095 / 	16209	 	4,849.00	2,20,632.69
25 Mar 2025	25 Mar 2025	   BY TRANSFER-IMPS/508426237917/RNB-XX301-Razorpay/FlatS07Ap--	TRANSFER FROM 4698308162095 / 	16209	 	3,912.00	2,24,544.69
26 Mar 2025	26 Mar 2025	TO CLEARING-Chq No. 710290 AXS   MUNIREDDY A--710290	 / 710290	40743	18,000.00	 	2,06,544.69
26 Mar 2025	26 Mar 2025	   BY TRANSFER-INB FlatF13MaintenanceFeb2025--	IT00ZGQZY0               TRANSFER FROM 10421889519                         Mrs. RAMA DEVI S / 	99922	 	4,829.00	2,11,373.69
26 Mar 2025	26 Mar 2025	   BY TRANSFER-INB FlatS13MaintenanceFeb2025--	IT00ZGRAB4               TRANSFER FROM 10421889519                         Mrs. RAMA DEVI S / 	99922	 	4,052.00	2,15,425.69
27 Mar 2025	27 Mar 2025	   BY TRANSFER-INB T1 Prashant Feb25--	IT00ZHCGY4               TRANSFER FROM 20071385409                         Mr. PRASHANT  SIKDAR / 	99922	 	5,141.00	2,20,566.69
28 Mar 2025	28 Mar 2025	TO CLEARING-Chq No. 710289 BOM   Mr SUBODH  PRADHAN--710289	 / 710289	40743	3,000.00	 	2,17,566.69
28 Mar 2025	28 Mar 2025	   BY TRANSFER-NEFT*UTIB0005157*AXOIR08777923807*VIMAL N K*BATCHI--	TRANSFER FROM 99509044300 / 	4430	 	4,650.00	2,22,216.69
29 Mar 2025	29 Mar 2025	   BY TRANSFER-UPI/CR/142516714052/VAMSIDHA/ICIC/9900181705/Payme--	TRANSFER FROM 4897738162095 / 	1	 	5,502.00	2,27,718.69
29 Mar 2025	29 Mar 2025	   BY TRANSFER-UPI/CR/260045066825/VAMSIDHA/ICIC/9900181705/F5--	TRANSFER FROM 4897738162095 / 	1	 	4,738.00	2,32,456.69
30 Mar 2025	30 Mar 2025	   BY TRANSFER-IMPS/508928122630/RNB-XX301-Razorpay/FlatG01Ap--	TRANSFER FROM 4698333162095 / 	16209	 	4,575.00	2,37,031.69
30 Mar 2025	30 Mar 2025	   BY TRANSFER-UPI/CR/102293337304/ANKUR KU/HDFC/agarwalank/G9 Fe--	TRANSFER FROM 4897732162091 / 	32295	 	4,070.00	2,41,101.69
31 Mar 2025	31 Mar 2025	   BY TRANSFER-NEFT*UTIB0005157*AXOMB09097190412*A IRUDAYARAJ ALW--	TRANSFER FROM 99509044300 / 	4430	 	4,441.23	2,45,542.92
31 Mar 2025	31 Mar 2025	   BY TRANSFER-NEFT*UTIB0005157*AXOMB09097193699*A IRUDAYARAJ ALW--	TRANSFER FROM 99509044300 / 	4430	 	1,000.00	2,46,542.92
31 Mar 2025	31 Mar 2025	   BY TRANSFER-NEFT*HDFC0000001*HDFCH00152101150*BALAKRISHNAN KRI--	TRANSFER FROM 99509044300 / 	4430	 	4,607.00	2,51,149.92

**This is a computer generated statement and does not require a signature