Account Number               :	_00000033001215401
Description                  :	CURRENT A/C - COLLECTION A/C
Name                         :	MANA PRISTINE FLAT OWNERS WELFARE ASSOCIATION               
Currency                     :	INR
Corporate Address            :	SY NO.31/38/6, CHIKKENAHALLI MAIN ROAD,OFF SARJAPUR ROAD
                              	
                              	BANGALORE
                              	KARNATAKA-560035
Branch                       :	KASAVANAHALLI(32295)
Rate of Interest (% p.a.)    :	0.0% 
IFS Code                     :	SBIN0032295
Book Balance                 :	182941.50
Available Balance            :	182941.50
Hold Value                   :	0.00
MOD Balance             :	0.00
Uncleared Amount             :	0.00
Balance on 1 May 2024        :	4,02,286.50
Start Date                   :	1 May 2024
End Date                     :	31 May 2024
Txn Date	Value Date	Description	Ref No./Cheque No.	Branch Code	        Debit	Credit	Balance	
01/05/2024	01/05/2024	   BY TRANSFER-NEFT*UTIB0000248*AXCT412264237083*SAMRAT KAR*--	TRANSFER FROM 4697216044302 / 	4430	 	5500.00	407786.50
02/05/2024	02/05/2024	CHEQUE WDL-CHEQUE TRANSFER TO--452476	TRANSFER FROM 36550632254                         VENKAT ENTERPRISES (PR / 452476	18233	15600.00	 	392186.50
08/05/2024	08/05/2024	TO CLEARING-Chq No. 452485 FBL   AJITHANATHMULTIPURPOS--452485	 / 452485	40743	5000.00	 	387186.50
08/05/2024	08/05/2024	TO CLEARING-Chq No. 452478 BOB   SMITHA T--452478	 / 452478	40743	31600.00	 	355586.50
09/05/2024	09/05/2024	TO CLEARING-Chq No. 452477 AXS   OM SAI ENTERPRISES--452477	 / 452477	40743	6600.00	 	348986.50
10/05/2024	10/05/2024	TO CLEARING-Chq No. 452481 BOM   DIFESA SECURITY SERVICES--452481	 / 452481	40743	120360.00	 	228626.50
10/05/2024	10/05/2024	TO CLEARING-Chq No. 452486 BOM   Mr  SUBODH  PRADHAN--452486	 / 452486	40743	3000.00	 	225626.50
12/05/2024	12/05/2024	   BY TRANSFER-NEFT*UTIB0000194*AXISCN0617195850*NOBR*FlatF06AptM--	TRANSFER FROM 3199412044307 / 	4430	 	4128.00	229754.50
13/05/2024	13/05/2024	   BY TRANSFER-NEFT*UTIB0000248*AXCT413464770930*NISHANT UPADHYAY--	TRANSFER FROM 3199419044300 / 	4430	 	11000.00	240754.50
13/05/2024	13/05/2024	   BY TRANSFER-INB Maintenance Charges--	IT00VJSAY8               TRANSFER FROM 10458393278                          MAJ PRASENJIT CHAKRAV / 	99922	 	4444.00	245198.50
13/05/2024	13/05/2024	   BY TRANSFER-NEFT*HDFC0000001*N134243036521449*DEBASIS GHOSHAL*--	TRANSFER FROM 3199955044308 / 	4430	 	8500.00	253698.50
13/05/2024	13/05/2024	   BY TRANSFER-NEFT*UTIB0000194*AXISCN0618269061*NOBR*FlatS04AptM--	TRANSFER FROM 4697221044305 / 	4430	 	4669.00	258367.50
13/05/2024	13/05/2024	   BY TRANSFER-NEFT*UTIB0000194*AXISCN0618282190*NOBR*FlatT09AptM--	TRANSFER FROM 4697184044305 / 	4430	 	5126.00	263493.50
13/05/2024	13/05/2024	   BY TRANSFER-NEFT*UTIB0000194*AXISCN0618339292*NOBR*FlatT11AptM--	TRANSFER FROM 4697186044303 / 	4430	 	4431.00	267924.50
13/05/2024	13/05/2024	   BY TRANSFER-NEFT*UTIB0000194*AXISCN0618360684*NOBR*FlatF14AptM--	TRANSFER FROM 4697183044306 / 	4430	 	5574.00	273498.50
14/05/2024	14/05/2024	TO CLEARING-Chq No. 452480 AXS   MUNIREDDY A--452480	 / 452480	40743	18000.00	 	255498.50
14/05/2024	14/05/2024	   BY TRANSFER-NEFT*UTIB0000194*AXISCN0619124648*NOBR*FlatG11AptM--	TRANSFER FROM 4697229044307 / 	4430	 	4629.00	260127.50
14/05/2024	14/05/2024	   BY TRANSFER-NEFT*UTIB0000194*AXISCN0619293919*NOBR*FlatT02AptM--	TRANSFER FROM 4697212044306 / 	4430	 	5374.00	265501.50
15/05/2024	15/05/2024	   BY TRANSFER-NEFT*UTIB0000194*AXISCN0620210980*NOBR*FlatS11AptM--	TRANSFER FROM 3199412044307 / 	4430	 	4373.00	269874.50
15/05/2024	15/05/2024	   BY TRANSFER-INB IMPS413611969205/8971434714/XX6379/G2 Mana Pr--	MAI000088188002          MAI000088188002          TRANSFER FROM 4597942162099 / 	99922	 	6500.00	276374.50
15/05/2024	15/05/2024	   BY TRANSFER-NEFT*UTIB0000194*AXISCN0620461558*NOBR*FlatF09AptM--	TRANSFER FROM 4697222044304 / 	4430	 	4796.00	281170.50
15/05/2024	15/05/2024	   BY TRANSFER-NEFT*UTIB0000194*AXISCN0620575512*NOBR*FlatT15AptM--	TRANSFER FROM 4698186044305 / 	4430	 	5600.00	286770.50
16/05/2024	16/05/2024	CHEQUE WDL-  D  RAJU--452483	TRANSFER FROM 32430881220                         Mr. D  RAJU / 452483	32295	3300.00	 	283470.50
16/05/2024	16/05/2024	CHEQUE WDL-  D  RAJU--452482	TRANSFER FROM 32430881220                         Mr. D  RAJU / 452482	32295	15000.00	 	268470.50
16/05/2024	16/05/2024	CASH CHEQUE-CASH WITHDRAWAL BY CHQ--452488	 / 452488	32295	10000.00	 	258470.50
17/05/2024	17/05/2024	TO CLEARING-Chq No. 452479 BOB   BESCOM ASST EXE ENGG S 11--452479	 / 452479	40743	28268.00	 	230202.50
17/05/2024	17/05/2024	   BY TRANSFER-NEFT*UTIB0000194*AXISCN0622712699*NOBR*FlatF06AptM--	TRANSFER FROM 4698193044306 / 	4430	 	4530.00	234732.50
17/05/2024	17/05/2024	   BY TRANSFER-NEFT*UTIB0000194*AXISCN0622818691*NOBR*FlatG14AptM--	TRANSFER FROM 3199681044308 / 	4430	 	4512.00	239244.50
18/05/2024	18/05/2024	   BY TRANSFER-NEFT*UTIB0000248*AXCT413964933704*KAPIL GARG*--	TRANSFER FROM 3199411044308 / 	4430	 	4853.00	244097.50
19/05/2024	19/05/2024	   BY TRANSFER-NEFT*ICIC0SF0002*HS92414044080966*DEVENDRARAWAT*NE--	TRANSFER FROM 3199411044308 / 	4430	 	8700.00	252797.50
19/05/2024	19/05/2024	   BY TRANSFER-NEFT*UTIB0000248*AXCT414064951882*MS. JEYARANI JEG--	TRANSFER FROM 4698196044303 / 	4430	 	4832.00	257629.50
19/05/2024	19/05/2024	   BY TRANSFER-NEFT*UTIB0000194*AXISCN0624572509*NOBR*FlatF08AptM--	TRANSFER FROM 4697188044301 / 	4430	 	5024.00	262653.50
19/05/2024	19/05/2024	   BY TRANSFER-NEFT*ICIC0SF0002*HS92414044115048*SURENDRANATH BEH--	TRANSFER FROM 4698171044302 / 	4430	 	4701.00	267354.50
19/05/2024	19/05/2024	   BY TRANSFER-NEFT*ICIC0SF0002*HS92414044115265*PAWAN SUBHASH*S9--	TRANSFER FROM 4697248044304 / 	4430	 	4430.00	271784.50
20/05/2024	20/05/2024	TO CLEARING-Chq No. 452487 KOT   SMARTERHOMES TECHNOLOGIE--452487	 / 452487	40743	23830.00	 	247954.50
20/05/2024	20/05/2024	   BY TRANSFER-NEFT*HDFC0000001*N141243047297153*BALAKRISHNAN KRI--	TRANSFER FROM 4697248044304 / 	4430	 	5187.00	253141.50
20/05/2024	20/05/2024	   BY TRANSFER-NEFT*UTIB0000194*AXISCN0625450326*NOBR*FlatF10AptM--	TRANSFER FROM 4697238044306 / 	4430	 	14332.00	267473.50
21/05/2024	21/05/2024	   BY TRANSFER-NEFT*UTIB0000194*AXISCN0626585221*NOBR*FlatG01AptM--	TRANSFER FROM 4697233044301 / 	4430	 	4970.00	272443.50
24/05/2024	24/05/2024	   BY TRANSFER-NEFT*UTIB0000194*AXISCN0629827742*NOBR*FlatF15AptM--	TRANSFER FROM 4697199044308 / 	4430	 	5608.00	278051.50
27/05/2024	27/05/2024	   BY TRANSFER-NEFT*UTIB0000194*AXISCN0631441985*NOBR*FlatS02AptM--	TRANSFER FROM 3199413044306 / 	4430	 	5642.00	283693.50
30/05/2024	30/05/2024	   BY TRANSFER-NEFT*UTIB0000194*AXISCN0634961713*NOBR*FlatS07AptM--	TRANSFER FROM 4697200044308 / 	4430	 	4401.00	288094.50
30/05/2024	30/05/2024	   BY TRANSFER-NEFT*UTIB0000194*AXISCN0635064474*NOBR*FlatT08AptM--	TRANSFER FROM 3199414044305 / 	4430	 	4795.00	292889.50
30/05/2024	30/05/2024	   BY TRANSFER-NEFT*UTIB0000194*AXISCN0635135368*NOBR*FlatG12AptM--	TRANSFER FROM 4698214044306 / 	4430	 	8240.00	301129.50
31/05/2024	31/05/2024	   BY TRANSFER-SBIYA24152044700620378810-G10 maintenanc--	TRANSFER FROM 33028750866                         Mr. CIJO  JACOB / 	71104	 	5154.00	306283.50
31/05/2024	31/05/2024	   BY TRANSFER-NEFT*UTIB0000248*AXCT415265396228*A IRUDAYARAJ ALW--	TRANSFER FROM 4697251044309 / 	4430	 	5092.00	311375.50
31/05/2024	31/05/2024	   BY TRANSFER-INB IMPS415208833136/9442827674/XX6747/G16April20--	MAO000126616242          MAO000126616242          TRANSFER FROM 4897958162094 / 	99922	 	4404.00	315779.50
31/05/2024	31/05/2024	   BY TRANSFER-INB T1 Prashant--	IT00VQMZC8               TRANSFER FROM 20071385409                         Mr. PRASHANT  SIKDAR / 	99922	 	5606.00	321385.50

**This is a computer generated statement and does not require a signature