Account Name       :                	MANA PRISTINE FLAT OWNERS WELFARE ASSOCIATION,Mr. NISHANT  UPADHYAY,MAJ PRASENJIT CHAKRAVORTY
Address            :	SURVEY NO 31/38/6 DODDAKANNALLI VILLAGE OFF SARJAPUR ROAD BANGALORE 560035
                                    	
                                    	29-560035
                                    	India
Date               :                	10 Jun 2025
Account Number     :	_00000033001215401
Account Description:	CA-REGULAR-PUB-OTH-ALL-INR
Branch             :	KASAVANAHALLI
Drawing Power      :	0.00
Interest Rate(% p.a.):	0.0
MOD Balance      :	0.00
CIF No.          :	_86725625341
IFS Code         :	SBIN0032295
MICR Code        :	_560002296
Balance on 1 Nov 2024        :	2,63,988.50
Start Date          :	1 Nov 2024
End Date            :	30 Nov 2024
Txn Date	Value Date	Description	Ref No./Cheque No.	Branch Code	        Debit	Credit	Balance	
1 Nov 2024	1 Nov 2024	   BY TRANSFER-NEFT*UTIB0005157*AXOIR30661895358*SAMRAT KAR*CBOL--	TRANSFER FROM 4697215044303 / 	4430	 	5,500.00	2,69,488.50
1 Nov 2024	1 Nov 2024	   BY TRANSFER-UPI/CR/430606118254/ANKUR KU/HDFC/agarwalank/G9 Se--	TRANSFER FROM 4897737162096 / 	32295	 	5,086.00	2,74,574.50
2 Nov 2024	2 Nov 2024	   BY TRANSFER-NEFT*UTIB0000194*AXISCN0800590327*NOBR*FlatT16AptN--	TRANSFER FROM 3199967044305 / 	4430	 	4,845.00	2,79,419.50
4 Nov 2024	4 Nov 2024	   BY TRANSFER-NEFT*UTIB0000194*AXISCN0802488089*NOBR*FlatT08AptN--	TRANSFER FROM 4697229044307 / 	4430	 	5,078.00	2,84,497.50
4 Nov 2024	4 Nov 2024	   BY TRANSFER-NEFT*ICIC0SF0002*HS92430963263986*MASOODMOHAMMED*N--	TRANSFER FROM 4697201044308 / 	4430	 	9,577.00	2,94,074.50
8 Nov 2024	8 Nov 2024	CASH CHEQUE-CASH WITHDRAWAL BY CHQ--452578	 / 452578	32295	10,000.00	 	2,84,074.50
8 Nov 2024	8 Nov 2024	CHEQUE WDL-CHEQUE TRANSFER TO--452573	TRANSFER FROM 32430881220                         Mr. D  RAJU / 452573	32295	4,800.00	 	2,79,274.50
8 Nov 2024	8 Nov 2024	CHEQUE WDL-CHEQUE TRANSFER TO--452574	TRANSFER FROM 32430881220                         Mr. D  RAJU / 452574	32295	15,000.00	 	2,64,274.50
12 Nov 2024	12 Nov 2024	TO CLEARING-Chq No. 452577 KOT   SMARTERHOMES TECHNOLOGIE--452577	 / 452577	40743	50,670.00	 	2,13,604.50
13 Nov 2024	13 Nov 2024	TO CLEARING-Chq No. 452568 BOB   BESCOM ASST EXE ENGG S 11--452568	 / 452568	40743	23,923.00	 	1,89,681.50
14 Nov 2024	14 Nov 2024	TO CLEARING-Chq No. 452575 FBL   AJITHANATHMULTIPURPOS--452575	 / 452575	40743	7,000.00	 	1,82,681.50
15 Nov 2024	15 Nov 2024	TO CLEARING-Chq No. 452567 AXS   OM SAI ENTERPRISES--452567	 / 452567	40743	6,600.00	 	1,76,081.50
16 Nov 2024	16 Nov 2024	TO CLEARING-Chq No. 452572 BOB   SMITHA T--452572	 / 452572	40743	31,600.00	 	1,44,481.50
17 Nov 2024	17 Nov 2024	   BY TRANSFER-NEFT*UTIB0000194*AXISCN0818755900*NOBR*FlatG01AptN--	TRANSFER FROM 4697184044305 / 	4430	 	5,122.00	1,49,603.50
17 Nov 2024	17 Nov 2024	   BY TRANSFER-NEFT*UTIB0005157*AXOMB32274482481*SAMRAT KAR*--	TRANSFER FROM 4697188044301 / 	4430	 	2,244.00	1,51,847.50
17 Nov 2024	17 Nov 2024	   BY TRANSFER-NEFT*ICIC0SF0002*HS92432264730898*DEVENDRA*NEFT//S--	TRANSFER FROM 4697178044303 / 	4430	 	4,334.00	1,56,181.50
18 Nov 2024	18 Nov 2024	   BY TRANSFER-UPI/CR/432250151871/VINYAS R/ICIC/1551358457/T 7 O--	TRANSFER FROM 4897732162091 / 	32295	 	4,230.00	1,60,411.50
18 Nov 2024	18 Nov 2024	   BY TRANSFER-INB Maintenance Charges--	IT00XWCVK8               TRANSFER FROM 10458393278                          MAJ PRASENJIT CHAKRAV / 	99922	 	4,225.00	1,64,636.50
19 Nov 2024	19 Nov 2024	   BY TRANSFER-NEFT*HDFC0000001*N324243405209639*ASHWIN PANDITH*G--	TRANSFER FROM 3199963044309 / 	4430	 	4,504.00	1,69,140.50
19 Nov 2024	19 Nov 2024	   BY TRANSFER-INB G10 Maintenance fee--	IT00XWIUQ5               TRANSFER FROM 33028750866                         Mr. CIJO  JACOB / 	99922	 	4,704.00	1,73,844.50
19 Nov 2024	19 Nov 2024	   BY TRANSFER-NEFT*UTIB0000194*AXISCN0820894366*NOBR*FlatS11AptN--	TRANSFER FROM 4697201044308 / 	4430	 	4,581.00	1,78,425.50
19 Nov 2024	19 Nov 2024	   BY TRANSFER-NEFT*UTIB0000194*AXISCN0820894402*NOBR*FlatT09AptN--	TRANSFER FROM 4697225044301 / 	4430	 	4,788.00	1,83,213.50
19 Nov 2024	19 Nov 2024	   BY TRANSFER-NEFT*UTIB0000194*AXISCN0820894692*NOBR*FlatG07AptN--	TRANSFER FROM 4697224044302 / 	4430	 	4,688.00	1,87,901.50
19 Nov 2024	19 Nov 2024	   BY TRANSFER-NEFT*UTIB0000194*AXISCN0820894818*NOBR*FlatG14AptN--	TRANSFER FROM 4697205044304 / 	4430	 	4,415.00	1,92,316.50
19 Nov 2024	19 Nov 2024	   BY TRANSFER-NEFT*UTIB0000194*AXISCN0820910022*NOBR*FlatT02AptN--	TRANSFER FROM 4698182044309 / 	4430	 	5,374.00	1,97,690.50
19 Nov 2024	19 Nov 2024	   BY TRANSFER-NEFT*UTIB0000194*AXISCN0820918128*NOBR*FlatS12AptN--	TRANSFER FROM 4697252044308 / 	4430	 	4,740.00	2,02,430.50
19 Nov 2024	19 Nov 2024	   BY TRANSFER-NEFT*UTIB0000194*AXISCN0820933656*NOBR*FlatS04AptN--	TRANSFER FROM 4697183044306 / 	4430	 	4,697.00	2,07,127.50
19 Nov 2024	19 Nov 2024	   BY TRANSFER-NEFT*HDFC0000001*N324243405791392*BALAKRISHNAN KRI--	TRANSFER FROM 4697210044307 / 	4430	 	16,639.00	2,23,766.50
19 Nov 2024	19 Nov 2024	   BY TRANSFER-NEFT*UTIB0000194*AXISCN0821013313*NOBR*FlatF14AptN--	TRANSFER FROM 4697212044306 / 	4430	 	5,324.00	2,29,090.50
19 Nov 2024	19 Nov 2024	   BY TRANSFER-NEFT*UTIB0000194*AXISCN0821093928*NOBR*FlatG11AptN--	TRANSFER FROM 3199420044306 / 	4430	 	4,252.00	2,33,342.50
19 Nov 2024	19 Nov 2024	   BY TRANSFER-NEFT*UTIB0000194*AXISCN0821153875*NOBR*FlatG15AptN--	TRANSFER FROM 3199413044306 / 	4430	 	4,570.00	2,37,912.50
19 Nov 2024	19 Nov 2024	   BY TRANSFER-INB T1 Prashant Maintenance--	IT00XWNHY3               TRANSFER FROM 20071385409                         Mr. PRASHANT  SIKDAR / 	99922	 	4,780.00	2,42,692.50
19 Nov 2024	19 Nov 2024	   BY TRANSFER-NEFT*UTIB0000194*AXISCN0821197913*NOBR*FlatF09AptN--	TRANSFER FROM 4698208044303 / 	4430	 	4,580.00	2,47,272.50
19 Nov 2024	19 Nov 2024	   BY TRANSFER-NEFT*HDFC0000001*N324243406984804*JEYARANI JEGANAT--	TRANSFER FROM 3199971044309 / 	4430	 	4,322.00	2,51,594.50
19 Nov 2024	19 Nov 2024	   BY TRANSFER-NEFT*UTIB0000194*AXISCN0821255581*NOBR*FlatF08AptN--	TRANSFER FROM 4698208044303 / 	4430	 	5,884.00	2,57,478.50
20 Nov 2024	20 Nov 2024	   BY TRANSFER-NEFT*ICIC0SF0002*HS92432564937085*PAWAN SUBHASH*NE--	TRANSFER FROM 3199422044305 / 	4430	 	4,350.00	2,61,828.50
20 Nov 2024	20 Nov 2024	   BY TRANSFER-NEFT*HDFC0000001*N325243407281567*MANISHA GHOSHAL*--	TRANSFER FROM 4697187044302 / 	4430	 	9,000.00	2,70,828.50
20 Nov 2024	20 Nov 2024	   BY TRANSFER-NEFT*UTIB0000194*AXISCN0822124680*NOBR*FlatF15AptN--	TRANSFER FROM 4697185044304 / 	4430	 	5,458.00	2,76,286.50
22 Nov 2024	22 Nov 2024	   BY TRANSFER-INB IMPS/432711714917/ICI-XX379-VENKATA /G2 Mana P--	MAOO00206020759          MAOO00206020759          TRANSFER FROM 4597932162091 / 	99922	 	5,636.00	2,81,922.50
23 Nov 2024	23 Nov 2024	   BY TRANSFER-INB IMPS/432809459700/ICI-XX017-SURENDRA/S-1_SNB_O--	MAKO00182859693          MAKO00182859693          TRANSFER FROM 4698307162096 / 	99922	 	4,164.00	2,86,086.50
24 Nov 2024	24 Nov 2024	   BY TRANSFER-NEFT*UTIB0005157*AXOMB32922913297*NISHANT UPADHYAY--	TRANSFER FROM 4697179044302 / 	4430	 	20,000.00	3,06,086.50
24 Nov 2024	24 Nov 2024	   BY TRANSFER-NEFT*UTIB0000194*AXISCN0826735753*NOBR*FlatT15AptN--	TRANSFER FROM 4697245044307 / 	4430	 	4,815.00	3,10,901.50
24 Nov 2024	24 Nov 2024	   BY TRANSFER-INB IMPS/432918407313/axb-XX814-KAPILGAR/T3--	MALO00159960630          MALO00159960630          TRANSFER FROM 4897979162090 / 	99922	 	4,693.00	3,15,594.50
24 Nov 2024	24 Nov 2024	   BY TRANSFER-INB IMPS/432922395212/ICI-XX448-MANIKAND/Bill Paym--	MAKO00183452322          MAKO00183452322          TRANSFER FROM 4698329162091 / 	99922	 	9,377.00	3,24,971.50
25 Nov 2024	25 Nov 2024	   BY TRANSFER-NEFT*UTIB0000194*AXISCN0827739352*NOBR*FlatF01AptN--	TRANSFER FROM 4698168044307 / 	4430	 	4,290.00	3,29,261.50
25 Nov 2024	25 Nov 2024	   BY TRANSFER-NEFT*UTIB0000194*AXISCN0827873641*NOBR*FlatF06AptN--	TRANSFER FROM 4697200044308 / 	4430	 	4,621.00	3,33,882.50
25 Nov 2024	25 Nov 2024	   BY TRANSFER-NEFT*HDFC0000001*N330243414340123*SHYAM S NAIR*G12--	TRANSFER FROM 4697192044305 / 	4430	 	4,510.00	3,38,392.50
25 Nov 2024	25 Nov 2024	   BY TRANSFER-NEFT*UTIB0000194*AXISCN0827992041*NOBR*FlatT08AptN--	TRANSFER FROM 4697217044301 / 	4430	 	4,627.00	3,43,019.50
26 Nov 2024	26 Nov 2024	CASH CHEQUE-RAJU 9964584347--452584	 / 452584	32295	9,000.00	 	3,34,019.50
27 Nov 2024	27 Nov 2024	TO CLEARING-Chq No. 452580 BOM   DIFESA SECURITY SERVICES--452580	 / 452580	40743	1,20,360.00	 	2,13,659.50
27 Nov 2024	27 Nov 2024	   BY TRANSFER-NEFT*UTIB0000194*AXISCN0830575272*NOBR*FlatG01AptN--	TRANSFER FROM 3199962044300 / 	4430	 	4,749.00	2,18,408.50
28 Nov 2024	28 Nov 2024	   BY TRANSFER-NEFT*UTIB0005157*AXOIR33349741628*VIMAL N K*F 7 Ma--	TRANSFER FROM 4697257044303 / 	4430	 	4,915.00	2,23,323.50
28 Nov 2024	28 Nov 2024	   BY TRANSFER-NEFT*UTIB0000194*AXISCN0831687075*NOBR*FlatS05AptN--	TRANSFER FROM 4697222044304 / 	4430	 	14,128.00	2,37,451.50
29 Nov 2024	29 Nov 2024	TO CLEARING-Chq No. 452581 YES   SHREE OFFICE PLANET--452581	 / 452581	40743	7,458.00	 	2,29,993.50
29 Nov 2024	29 Nov 2024	   BY TRANSFER-NEFT*UTIB0000194*AXISCN0832643800*NOBR*FlatS07AptN--	TRANSFER FROM 4697180044308 / 	4430	 	4,219.00	2,34,212.50
29 Nov 2024	29 Nov 2024	   BY TRANSFER-NEFT*UTIB0000194*AXISCN0832673984*NOBR*FlatS15AptN--	TRANSFER FROM 4698206044305 / 	4430	 	13,769.00	2,47,981.50
29 Nov 2024	29 Nov 2024	   BY TRANSFER-NEFT*HDFC0000001*N334243422159852*RENU R*f4 mainte--	TRANSFER FROM 4697208044301 / 	4430	 	8,843.00	2,56,824.50
29 Nov 2024	29 Nov 2024	   BY TRANSFER-NEFT*UTIB0005157*AXOMB33457882488*A IRUDAYARAJ ALW--	TRANSFER FROM 4697182044307 / 	4430	 	4,676.00	2,61,500.50
30 Nov 2024	30 Nov 2024	TO CLEARING-Chq No. 452582 FBL   CHANDRAKUMAR--452582	 / 452582	40743	84,000.00	 	1,77,500.50
30 Nov 2024	30 Nov 2024	   BY TRANSFER-INB FlatF13MaintenanceOct2024--	IT00XZEUI3               TRANSFER FROM 10421889519                         Mrs. RAMA DEVI S / 	99922	 	4,803.00	1,82,303.50
30 Nov 2024	30 Nov 2024	   BY TRANSFER-INB FlatS13MaintenanceOct2024--	IT00XZEUL3               TRANSFER FROM 10421889519                         Mrs. RAMA DEVI S / 	99922	 	4,421.00	1,86,724.50
30 Nov 2024	30 Nov 2024	   BY TRANSFER-NEFT*UTIB0000194*AXISCN0834103628*NOBR*FlatS02AptN--	TRANSFER FROM 4697253044307 / 	4430	 	6,220.00	1,92,944.50

**This is a computer generated statement and does not require a signature