Account Number               :	_00000033001215401
Description                  :	CURRENT A/C - COLLECTION A/C
Name                         :	MANA PRISTINE FLAT OWNERS WELFARE ASSOCIATION               
Currency                     :	INR
Corporate Address            :	SY NO.31/38/6, CHIKKENAHALLI MAIN ROAD,OFF SARJAPUR ROAD
                              	
                              	BANGALORE
                              	KARNATAKA-560035
Branch                       :	KASAVANAHALLI(32295)
Rate of Interest (% p.a.)    :	0.0% 
IFS Code                     :	SBIN0032295
Book Balance                 :	286086.50
Available Balance            :	286086.50
Hold Value                   :	0.00
MOD Balance             :	0.00
Uncleared Amount             :	0.00
Balance on 1 Oct 2024        :	2,48,896.50
Start Date                   :	1 Oct 2024
End Date                     :	31 Oct 2024
Txn Date	Value Date	Description	Ref No./Cheque No.	Branch Code	        Debit	Credit	Balance	
01/10/2024	01/10/2024	   BY TRANSFER-NEFT*UTIB0005157*AXOIR27598046989*SAMRAT KAR*CBOL--	TRANSFER FROM 4697225044301 / 	4430	 	5500.00	254396.50
01/10/2024	01/10/2024	   BY TRANSFER-NEFT*UTIB0005157*AXOIR27599163774*VIMAL N K*F7--	TRANSFER FROM 3199965044307 / 	4430	 	4547.00	258943.50
01/10/2024	01/10/2024	   BY TRANSFER-NEFT*UTIB0000194*AXISCN0761014522*NOBR*FlatG01AptO--	TRANSFER FROM 3199971044309 / 	4430	 	4243.00	263186.50
01/10/2024	01/10/2024	   BY TRANSFER-NEFT*UTIB0000194*AXISCN0761383248*NOBR*FlatG07AptO--	TRANSFER FROM 4697249044303 / 	4430	 	4281.00	267467.50
01/10/2024	01/10/2024	   BY TRANSFER-NEFT*UTIB0000194*AXISCN0761422466*NOBR*FlatF06AptO--	TRANSFER FROM 4698188044303 / 	4430	 	4002.00	271469.50
04/10/2024	04/10/2024	   BY TRANSFER-NEFT*UTIB0000194*AXISCN0763667639*NOBR*FlatT08AptO--	TRANSFER FROM 4697229044307 / 	4430	 	4180.00	275649.50
04/10/2024	04/10/2024	   BY TRANSFER-NEFT*UTIB0000194*AXISCN0763675315*NOBR*FlatT13AptO--	TRANSFER FROM 3199415044304 / 	4430	 	8449.00	284098.50
05/10/2024	05/10/2024	   BY TRANSFER-NEFT*UTIB0000194*AXISCN0766292781*NOBR*FlatT16AptO--	TRANSFER FROM 4697250044309 / 	4430	 	8721.00	292819.50
07/10/2024	07/10/2024	CHEQUE WDL-CHEQUE TRANSFER TO--452562	TRANSFER FROM 32430881220                         Mr. D  RAJU / 452562	32295	7300.00	 	285519.50
07/10/2024	07/10/2024	CHEQUE WDL-CHEQUE TRANSFER TO--452560	TRANSFER FROM 32430881220                         Mr. D  RAJU / 452560	32295	15000.00	 	270519.50
07/10/2024	07/10/2024	CASH CHEQUE-CASH WITHDRAWAL BY CHQ--452563	 / 452563	32295	10000.00	 	260519.50
08/10/2024	08/10/2024	TO CLEARING-Chq No. 452561 BOM   Mr  SUBODH  PRADHAN--452561	 / 452561	40743	3000.00	 	257519.50
08/10/2024	08/10/2024	   BY TRANSFER-INB IMPS/428208435491/ICI-XX448-MANIKAND/Bill Paym--	MAK000163555630          MAK000163555630          TRANSFER FROM 4898013162091 / 	99922	 	3985.00	261504.50
09/10/2024	09/10/2024	TO CLEARING-Chq No. 452529 AXS   OM SAI ENTERPRISES--452529	 / 452529	40743	6600.00	 	254904.50
10/10/2024	10/10/2024	TO CLEARING-Chq No. 452557 BOB   BESCOM ASST EXE ENGG S 11--452557	 / 452557	40743	26460.00	 	228444.50
11/10/2024	11/10/2024	   BY TRANSFER-INB Maintenance Charges--	IT00XLZJN6               TRANSFER FROM 10458393278                          MAJ PRASENJIT CHAKRAV / 	99922	 	4354.00	232798.50
11/10/2024	11/10/2024	   BY TRANSFER-NEFT*UTIB0000194*AXISCN0773235419*NOBR*FlatT09AptO--	TRANSFER FROM 4697196044301 / 	4430	 	5387.00	238185.50
11/10/2024	11/10/2024	   BY TRANSFER-NEFT*UTIB0000194*AXISCN0773240537*NOBR*FlatS04AptO--	TRANSFER FROM 4697226044300 / 	4430	 	4966.00	243151.50
11/10/2024	11/10/2024	   BY TRANSFER-NEFT*UTIB0000194*AXISCN0773314640*NOBR*FlatG15AptO--	TRANSFER FROM 4697238044306 / 	4430	 	4524.00	247675.50
12/10/2024	12/10/2024	   BY TRANSFER-NEFT*UTIB0000194*AXISCN0773456769*NOBR*FlatF14AptO--	TRANSFER FROM 4697193044304 / 	4430	 	5956.00	253631.50
12/10/2024	12/10/2024	   BY TRANSFER-UPI/CR/428673551701/VINYAS R/ICIC/1551358457/T 7 S--	TRANSFER FROM 4897738162095 / 	32295	 	4350.00	257981.50
12/10/2024	12/10/2024	   BY TRANSFER-NEFT*UTIB0000194*AXISCN0774255774*NOBR*FlatF06AptO--	TRANSFER FROM 4697254044306 / 	4430	 	4745.00	262726.50
12/10/2024	12/10/2024	   BY TRANSFER-NEFT*UTIB0000194*AXISCN0774390004*NOBR*FlatS11AptO--	TRANSFER FROM 4697216044302 / 	4430	 	5213.00	267939.50
13/10/2024	13/10/2024	   BY TRANSFER-NEFT*HDFC0000001*N286243329168896*RENU R*F4 Mainte--	TRANSFER FROM 4697232044302 / 	4430	 	4500.00	272439.50
13/10/2024	13/10/2024	   BY TRANSFER-NEFT*UTIB0000194*AXISCN0775041367*NOBR*FlatF08AptO--	TRANSFER FROM 4698213044307 / 	4430	 	4674.00	277113.50
13/10/2024	13/10/2024	   BY TRANSFER-NEFT*UTIB0000194*AXISCN0775115368*NOBR*FlatS12AptO--	TRANSFER FROM 3199959044304 / 	4430	 	5393.00	282506.50
13/10/2024	13/10/2024	   BY TRANSFER-NEFT*UTIB0000194*AXISCN0775272495*NOBR*FlatT02AptO--	TRANSFER FROM 4697250044309 / 	4430	 	10209.00	292715.50
14/10/2024	14/10/2024	   BY TRANSFER-INB IMPS/428815360826/ICI-XX379-VENKATA /G2 Mana P--	MAP000165623681          MAP000165623681          TRANSFER FROM 4897957162095 / 	99922	 	6387.00	299102.50
14/10/2024	14/10/2024	   BY TRANSFER-NEFT*UTIB0000194*AXISCN0776552351*NOBR*FlatF09AptO--	TRANSFER FROM 4697253044307 / 	4430	 	5056.00	304158.50
14/10/2024	14/10/2024	   BY TRANSFER-NEFT*UTIB0005157*AXOIR28820984499*MS. JEYARANI JEG--	TRANSFER FROM 3199681044308 / 	4430	 	4690.00	308848.50
14/10/2024	14/10/2024	   BY TRANSFER-NEFT*UTIB0000194*AXISCN0776657173*NOBR*FlatT11AptO--	TRANSFER FROM 4698198044301 / 	4430	 	5650.00	314498.50
14/10/2024	14/10/2024	   BY TRANSFER-INB f16maintenance--	IT00XMQQG8               TRANSFER FROM 10209808020                         Mrs. SREEJA  SUDHARMA / 	99922	 	10038.00	324536.50
14/10/2024	14/10/2024	   BY TRANSFER-NEFT*HDFC0000001*N288243332303416*BALAKRISHNAN KRI--	TRANSFER FROM 4698200044300 / 	4430	 	9830.00	334366.50
15/10/2024	15/10/2024	   BY TRANSFER-NEFT*ICIC0SF0002*HS92428961057345*PAWAN SUBHASH*S9--	TRANSFER FROM 3199958044305 / 	4430	 	4400.00	338766.50
15/10/2024	15/10/2024	   BY TRANSFER-INB IMPS/428912776758/axb-XX814-KAPILGAR/T3Maintai--	MAP000165921216          MAP000165921216          TRANSFER FROM 4698322162098 / 	99922	 	4896.00	343662.50
15/10/2024	15/10/2024	   BY TRANSFER-NEFT*UTIB0000194*AXISCN0777700292*NOBR*FlatG14AptO--	TRANSFER FROM 3199961044301 / 	4430	 	8599.00	352261.50
16/10/2024	16/10/2024	   BY TRANSFER-NEFT*HDFC0000001*N289243334484446*ASHWIN PANDITH*G--	TRANSFER FROM 4697247044305 / 	4430	 	5241.00	357502.50
17/10/2024	17/10/2024	TO CLEARING-Chq No. 452558 FBL   AJITHANATHMULTIPURPOS--452558	 / 452558	40743	5000.00	 	352502.50
18/10/2024	18/10/2024	CASH CHEQUE-CASH WITHDRAWAL BY CHQ--452564	 / 452564	32295	10000.00	 	342502.50
19/10/2024	19/10/2024	TO CLEARING-Chq No. 452565 CAB   RAVI--452565	 / 452565	40743	12850.00	 	329652.50
19/10/2024	19/10/2024	TO CLEARING-Chq No. 452556 BOM   DIFESA SECURITY SERVICES--452556	 / 452556	40743	120360.00	 	209292.50
20/10/2024	20/10/2024	   BY TRANSFER-NEFT*ICIC0SF0002*HS92429461482226*SURENDRANATH BEH--	TRANSFER FROM 4698214044306 / 	4430	 	4209.00	213501.50
21/10/2024	21/10/2024	   BY TRANSFER-INB FlatF13MaintenanceSep2024--	IT00XOGLW2               TRANSFER FROM 10421889519                         Mrs. RAMA DEVI S / 	99922	 	6810.00	220311.50
21/10/2024	21/10/2024	   BY TRANSFER-INB FlatS13MaitenanceSep2024--	IT00XOGLE1               TRANSFER FROM 10421889519                         Mrs. RAMA DEVI S / 	99922	 	4565.00	224876.50
22/10/2024	22/10/2024	   BY TRANSFER-NEFT*UTIB0000194*AXISCN0785772517*NOBR*FlatG11AptO--	TRANSFER FROM 4697232044302 / 	4430	 	4469.00	229345.50
22/10/2024	22/10/2024	   BY TRANSFER-INB T1 Prashant Maint--	IT00XOJRI4               TRANSFER FROM 20071385409                         Mr. PRASHANT  SIKDAR / 	99922	 	5667.00	235012.50
23/10/2024	23/10/2024	TO CLEARING-Chq No. 452555 BOB   SMITHA T--452555	 / 452555	40743	31600.00	 	203412.50
23/10/2024	23/10/2024	   BY TRANSFER-INB IMPS/429711952812/ICI-XX144-PRIYABRA/F-5 Ment--	MAKO00170065617          MAKO00170065617          TRANSFER FROM 4698309162094 / 	99922	 	9396.00	212808.50
23/10/2024	23/10/2024	   BY TRANSFER-NEFT*UTIB0000194*AXISCN0787725052*NOBR*FlatF15AptO--	TRANSFER FROM 4697194044303 / 	4430	 	5884.00	218692.50
25/10/2024	25/10/2024	   BY TRANSFER-NEFT*UTIB0000194*AXISCN0790204410*NOBR*FlatF01AptO--	TRANSFER FROM 4697229044307 / 	4430	 	4670.00	223362.50
25/10/2024	25/10/2024	   BY TRANSFER-NEFT*UTIB0000194*AXISCN0790283181*NOBR*FlatG07AptO--	TRANSFER FROM 3199968044304 / 	4430	 	5190.00	228552.50
25/10/2024	25/10/2024	TO CLEARING-Chq No. 452566 AXS   MUNIREDDY A--452566	 / 452566	40743	23000.00	 	205552.50
25/10/2024	25/10/2024	TO CLEARING-Chq No. 452543 AXS   MUNIREDDY A--452543	 / 452543	40743	18500.00	 	187052.50
26/10/2024	26/10/2024	   BY TRANSFER-UPI/CR/207520652292/VAMSIDHA/ICIC/9900181705/Payme--	TRANSFER FROM 4897738162095 / 	1	 	5904.00	192956.50
26/10/2024	26/10/2024	   BY TRANSFER-NEFT*UTIB0000194*AXISCN0791636387*NOBR*FlatT15AptO--	TRANSFER FROM 4698209044302 / 	4430	 	5051.00	198007.50
26/10/2024	26/10/2024	   BY TRANSFER-SBIYA24300135000126307335-G13 Sept 2024--	TRANSFER FROM 20069779779                         Mr. AJAI  BALACHANDRAN / 	61034	 	12717.00	210724.50
26/10/2024	26/10/2024	   BY TRANSFER-NEFT*ICIC0SF0002*HS92430062066218*DEVENDRA*NEFT//D--	TRANSFER FROM 4697239044305 / 	4430	 	4509.00	215233.50
26/10/2024	26/10/2024	   BY TRANSFER-INB IMPS/430016273858/axb-XX747-MGANESAN/G16ManaSe--	MAIO00157629806          MAIO00157629806          TRANSFER FROM 4897964162097 / 	99922	 	4273.00	219506.50
28/10/2024	28/10/2024	   BY TRANSFER-NEFT*UTIB0000194*AXISCN0793122206*NOBR*FlatS07AptO--	TRANSFER FROM 3199970044309 / 	4430	 	4309.00	223815.50
28/10/2024	28/10/2024	   BY TRANSFER-SBIYA24302081805714846132-G10 maintenanc--	TRANSFER FROM 33028750866                         Mr. CIJO  JACOB / 	61034	 	5230.00	229045.50
28/10/2024	28/10/2024	   BY TRANSFER-NEFT*UTIB0005157*AXOIR30227787843*VIMAL N K*F7--	TRANSFER FROM 4697235044309 / 	4430	 	4959.00	234004.50
29/10/2024	29/10/2024	   BY TRANSFER-INB IMPS/430326215319/RNB-XX168-APIBANKI/Accountva--	MAIO00158865724          MAIO00158865724          TRANSFER FROM 4698321162099 / 	99922	 	1.00	234005.50
29/10/2024	29/10/2024	   BY TRANSFER-NEFT*HDFC0000001*N303243363219118*SHYAM S NAIR*G12--	TRANSFER FROM 4697231044303 / 	4430	 	4589.00	238594.50
30/10/2024	30/10/2024	   BY TRANSFER-NEFT*UTIB0005157*AXOMB30446086196*A IRUDAYARAJ ALW--	TRANSFER FROM 4697174044307 / 	4430	 	5062.00	243656.50
30/10/2024	30/10/2024	   BY TRANSFER-NEFT*HDFC0000001*N304243366781929*N GEETHA*F11 Mai--	TRANSFER FROM 4698174044309 / 	4430	 	8254.00	251910.50
30/10/2024	30/10/2024	   BY TRANSFER-NEFT*UTIB0000194*AXISCN0797324502*NOBR*FlatT06AptO--	TRANSFER FROM 4697223044303 / 	4430	 	5085.00	256995.50
31/10/2024	31/10/2024	   BY TRANSFER-NEFT*UTIB0000194*AXISCN0798372565*NOBR*FlatS02AptO--	TRANSFER FROM 3199423044304 / 	4430	 	6993.00	263988.50

**This is a computer generated statement and does not require a signature