Account Number               :	_00000033001215401
Description                  :	CURRENT A/C - COLLECTION A/C
Name                         :	MANA PRISTINE FLAT OWNERS WELFARE ASSOCIATION               
Currency                     :	INR
Corporate Address            :	SY NO.31/38/6, CHIKKENAHALLI MAIN ROAD,OFF SARJAPUR ROAD
                              	
                              	BANGALORE
                              	KARNATAKA-560035
Branch                       :	KASAVANAHALLI(32295)
Rate of Interest (% p.a.)    :	0.0% 
IFS Code                     :	SBIN0032295
Book Balance                 :	286086.50
Available Balance            :	286086.50
Hold Value                   :	0.00
MOD Balance             :	0.00
Uncleared Amount             :	0.00
Balance on 1 Sep 2024        :	2,58,762.50
Start Date                   :	1 Sep 2024
End Date                     :	30 Sep 2024
Txn Date	Value Date	Description	Ref No./Cheque No.	Branch Code	        Debit	Credit	Balance	
01/09/2024	01/09/2024	   BY TRANSFER-NEFT*UTIB0005157*AXOIR24504921528*SAMRAT KAR*CBOL--	TRANSFER FROM 3199955044308 / 	4430	 	5500.00	264262.50
01/09/2024	01/09/2024	   BY TRANSFER-INB IMPS/424520148840/RE1-XX495-PRASHANT/T1 Prasha--	MAK000147938205          MAK000147938205          TRANSFER FROM 4897984162093 / 	99922	 	5818.00	270080.50
02/09/2024	02/09/2024	TO CLEARING-Chq No. 452540 CHB   KONE ELEVATOR INDIA PVT L--452540	 / 452540	40743	80190.00	 	189890.50
02/09/2024	02/09/2024	   BY TRANSFER-NEFT*UTIB0000194*AXISCN0730908833*NOBR*FlatT07AptS--	TRANSFER FROM 3199411044308 / 	4430	 	4020.00	193910.50
02/09/2024	02/09/2024	   BY TRANSFER-NEFT*UTIB0000194*AXISCN0731296473*NOBR*FlatT08AptS--	TRANSFER FROM 4697207044302 / 	4430	 	5139.00	199049.50
03/09/2024	03/09/2024	   BY TRANSFER-NEFT*UTIB0000194*AXISCN0731364159*NOBR*FlatS12AptS--	TRANSFER FROM 4698203044308 / 	4430	 	5246.00	204295.50
03/09/2024	03/09/2024	TO CLEARING-Chq No. 452539 BOM   DIFESA SECURITY SERVICES--452539	 / 452539	40743	117296.00	 	86999.50
03/09/2024	03/09/2024	   BY TRANSFER-INB IMPS/424708384117/ICI-XX379-VENKATA /G2 Mana P--	MAL000130356861          MAL000130356861          TRANSFER FROM 4897974162095 / 	99922	 	6372.00	93371.50
03/09/2024	03/09/2024	   BY TRANSFER-NEFT*UTIB0000194*AXISCN0732156425*NOBR*FlatG12AptS--	TRANSFER FROM 4697255044305 / 	4430	 	4102.00	97473.50
04/09/2024	04/09/2024	   BY TRANSFER-NEFT*UTIB0000194*AXISCN0732935907*NOBR*FlatS07AptS--	TRANSFER FROM 3199416044303 / 	4430	 	4107.00	101580.50
04/09/2024	04/09/2024	   BY TRANSFER-NEFT*UTIB0000194*AXISCN0733556670*NOBR*FlatG07AptS--	TRANSFER FROM 3199967044305 / 	4430	 	5136.00	106716.50
04/09/2024	04/09/2024	CHEQUE WDL-CHEQUE TRANSFER TO--452544	TRANSFER FROM 20344301203                         Mr. M  SUBRAMANAYAM / 452544	32295	14000.00	 	92716.50
04/09/2024	04/09/2024	CHEQUE WDL-CHEQUE TRANSFER TO--452545	TRANSFER FROM 32430881220                         Mr. D  RAJU / 452545	32295	5300.00	 	87416.50
04/09/2024	04/09/2024	CASH CHEQUE-CASH WITHDRAWAL BY CHQ--452550	 / 452550	32295	10000.00	 	77416.50
04/09/2024	04/09/2024	CHEQUE WDL-CHEQUE TRANSFER TO--452546	TRANSFER FROM 32430881220                         Mr. D  RAJU / 452546	32295	15000.00	 	62416.50
04/09/2024	04/09/2024	   BY TRANSFER-INB IMPS/424817478666/axb-XX814-KAPILGAR/IMPS--	MAI000137656361          MAI000137656361          TRANSFER FROM 4897983162094 / 	99922	 	4649.00	67065.50
04/09/2024	04/09/2024	   BY TRANSFER-NEFT*UTIB0000194*AXISCN0734026523*NOBR*FlatF06AptS--	TRANSFER FROM 4698211044309 / 	4430	 	4303.00	71368.50
04/09/2024	04/09/2024	   BY TRANSFER-INB IMPS/424817550282/axb-XX806-VIMALNK/F7Mainten--	MAK000149290357          MAK000149290357          TRANSFER FROM 4597959162090 / 	99922	 	4775.00	76143.50
04/09/2024	04/09/2024	   BY TRANSFER-INB f16maintenancesep--	IT00XAXLV1               TRANSFER FROM 10209808020                         Mrs. SREEJA  SUDHARMA / 	99922	 	14710.00	90853.50
05/09/2024	05/09/2024	   BY TRANSFER-NEFT*HDFC0000001*N249243246982080*RANJITH KUMAR RA--	TRANSFER FROM 4697183044306 / 	4430	 	9428.00	100281.50
05/09/2024	05/09/2024	   BY TRANSFER-NEFT*UTIB0000194*AXISCN0735109318*NOBR*FlatS15AptS--	TRANSFER FROM 3199962044300 / 	4430	 	6004.00	106285.50
05/09/2024	05/09/2024	   BY TRANSFER-NEFT*UTIB0000194*AXISCN0735393159*NOBR*FlatS13AptS--	TRANSFER FROM 3199423044304 / 	4430	 	4565.00	110850.50
05/09/2024	05/09/2024	   BY TRANSFER-NEFT*UTIB0000194*AXISCN0735412697*NOBR*FlatF13AptS--	TRANSFER FROM 3199969044303 / 	4430	 	6556.00	117406.50
06/09/2024	06/09/2024	   BY TRANSFER-NEFT*ICIC0SF0002*HS92425056609282*SURENDRANATH BEH--	TRANSFER FROM 4697229044307 / 	4430	 	4059.00	121465.50
07/09/2024	07/09/2024	   BY TRANSFER-NEFT*UTIB0000194*AXISCN0736747165*NOBR*FlatG15AptS--	TRANSFER FROM 4697200044308 / 	4430	 	26761.00	148226.50
07/09/2024	07/09/2024	TO CLEARING-Chq No. 452541 AXS   OM SAI ENTERPRISES--452541	 / 452541	40743	6600.00	 	141626.50
07/09/2024	07/09/2024	   BY TRANSFER-NEFT*UTIB0000194*AXISCN0736947975*NOBR*FlatT02AptS--	TRANSFER FROM 4698209044302 / 	4430	 	5512.00	147138.50
07/09/2024	07/09/2024	   BY TRANSFER-INB IMPS/425112927981/ICI-XX179-DEVENDRA/S16ManaPr--	MAJ000144976868          MAJ000144976868          TRANSFER FROM 4897965162096 / 	99922	 	4366.00	151504.50
07/09/2024	07/09/2024	   BY TRANSFER-NEFT*ICIC0SF0002*HS92425156808708*KOTESWARARAOMARP--	TRANSFER FROM 3199416044303 / 	4430	 	28385.00	179889.50
08/09/2024	08/09/2024	   BY TRANSFER-NEFT*UTIB0000194*AXISCN0737830294*NOBR*FlatF14AptS--	TRANSFER FROM 4698185044306 / 	4430	 	5151.00	185040.50
08/09/2024	08/09/2024	   BY TRANSFER-NEFT*HDFC0000001*N252243254901508*BALAKRISHNAN KRI--	TRANSFER FROM 4697251044309 / 	4430	 	5065.00	190105.50
08/09/2024	08/09/2024	   BY TRANSFER-NEFT*UTIB0000194*AXISCN0737868737*NOBR*FlatT15AptS--	TRANSFER FROM 4698186044305 / 	4430	 	4784.00	194889.50
08/09/2024	08/09/2024	   BY TRANSFER-NEFT*UTIB0000194*AXISCN0737900577*NOBR*FlatF09AptS--	TRANSFER FROM 4697184044305 / 	4430	 	4926.00	199815.50
08/09/2024	08/09/2024	   BY TRANSFER-NEFT*UTIB0000194*AXISCN0737908606*NOBR*FlatS05AptS--	TRANSFER FROM 4697210044307 / 	4430	 	4923.00	204738.50
08/09/2024	08/09/2024	   BY TRANSFER-NEFT*UTIB0000194*AXISCN0737916682*NOBR*FlatT06AptS--	TRANSFER FROM 4697240044301 / 	4430	 	4989.00	209727.50
09/09/2024	09/09/2024	   BY TRANSFER-INB IMPS/425321166508/RE1-XX155-ASHWIN P/G4 ashwin--	MAI000139692859          MAI000139692859          TRANSFER FROM 4897955162097 / 	99922	 	4931.00	214658.50
09/09/2024	09/09/2024	   BY TRANSFER-INB IMPS/425321990974/axb-XX808-VIVEKDHI/IMPS--	MAO000174862748          MAO000174862748          TRANSFER FROM 4897957162095 / 	99922	 	4020.00	218678.50
10/09/2024	10/09/2024	TO CLEARING-Chq No. 452547 FBL   AJITHANATHMULTIPURPOS--452547	 / 452547	40743	5000.00	 	213678.50
10/09/2024	10/09/2024	   BY TRANSFER-NEFT*ICIC0SF0002*HS92425457092796*MASOODMOHAMMED*N--	TRANSFER FROM 4697245044307 / 	4430	 	23496.00	237174.50
10/09/2024	10/09/2024	   BY TRANSFER-INB IMPS/425416983766/ICI-XX710-PAWAN SU/IMPS Tran--	MAJ000146254684          MAJ000146254684          TRANSFER FROM 4898016162098 / 	99922	 	1.00	237175.50
10/09/2024	10/09/2024	   BY TRANSFER-NEFT*UTIB0001888*AXOMB25405534297*IRUDAYARAJ ALWIN--	TRANSFER FROM 4697206044303 / 	4430	 	4763.00	241938.50
10/09/2024	10/09/2024	   BY TRANSFER-NEFT*ICIC0SF0002*HS92425457179463*PAWAN SUBHASH*S9--	TRANSFER FROM 4698205044306 / 	4430	 	3980.00	245918.50
16/09/2024	16/09/2024	   BY TRANSFER-NEFT*UTIB0000194*AXISCN0745131300*NOBR*FlatT09AptS--	TRANSFER FROM 3199681044308 / 	4430	 	4348.00	250266.50
16/09/2024	16/09/2024	   BY TRANSFER-NEFT*UTIB0000194*AXISCN0745138432*NOBR*FlatS12AptS--	TRANSFER FROM 4697181044308 / 	4430	 	4260.00	254526.50
16/09/2024	16/09/2024	   BY TRANSFER-NEFT*UTIB0005157*AXOMB26062936493*SAMRAT KAR*Other--	TRANSFER FROM 4698198044301 / 	4430	 	1769.00	256295.50
16/09/2024	16/09/2024	   BY TRANSFER-NEFT*UTIB0000194*AXISCN0745771256*NOBR*FlatF09AptS--	TRANSFER FROM 4697178044303 / 	4430	 	4279.00	260574.50
16/09/2024	16/09/2024	   BY TRANSFER-SBIYA24260081404907335575-G10 maintenanc--	TRANSFER FROM 33028750866                         Mr. CIJO  JACOB / 	61034	 	4340.00	264914.50
16/09/2024	16/09/2024	   BY TRANSFER-NEFT*ICIC0SF0002*HS92426057663869*PAWAN SUBHASH*NE--	TRANSFER FROM 3199416044303 / 	4430	 	3940.00	268854.50
16/09/2024	16/09/2024	   BY TRANSFER-NEFT*UTIB0000194*AXISCN0745782173*NOBR*FlatF10AptS--	TRANSFER FROM 4697198044309 / 	4430	 	9102.00	277956.50
16/09/2024	16/09/2024	   BY TRANSFER-INB Maintenance charges--	IT00XEEYV8               TRANSFER FROM 10458393278                          MAJ PRASENJIT CHAKRAV / 	99922	 	3870.00	281826.50
16/09/2024	16/09/2024	   BY TRANSFER-INB T1 Prashant Maintenance--	IT00XEFMB3               TRANSFER FROM 20071385409                         Mr. PRASHANT  SIKDAR / 	99922	 	4619.00	286445.50
16/09/2024	16/09/2024	   BY TRANSFER-NEFT*UTIB0000194*AXISCN0745814180*NOBR*FlatF08AptS--	TRANSFER FROM 4698174044309 / 	4430	 	3918.00	290363.50
16/09/2024	16/09/2024	   BY TRANSFER-NEFT*UTIB0000194*AXISCN0745832455*NOBR*FlatS11AptS--	TRANSFER FROM 3199412044307 / 	4430	 	4320.00	294683.50
16/09/2024	16/09/2024	   BY TRANSFER-NEFT*HDFC0000001*N260243269686252*MANISHA GHOSHAL*--	TRANSFER FROM 4697215044303 / 	4430	 	10000.00	304683.50
17/09/2024	17/09/2024	   BY TRANSFER-NEFT*UTIB0000194*AXISCN0746063307*NOBR*FlatS07AptS--	TRANSFER FROM 4697188044301 / 	4430	 	3856.00	308539.50
17/09/2024	17/09/2024	   BY TRANSFER-NEFT*UTIB0000194*AXISCN0746055708*NOBR*FlatG12AptS--	TRANSFER FROM 4698183044308 / 	4430	 	4016.00	312555.50
17/09/2024	17/09/2024	   BY TRANSFER-NEFT*UTIB0000194*AXISCN0746056117*NOBR*FlatF14AptS--	TRANSFER FROM 4698195044304 / 	4430	 	4783.00	317338.50
17/09/2024	17/09/2024	   BY TRANSFER-INB IMPS/426108509644/axb-XX747-MGANESAN/G16JulyAu--	MAN000169920686          MAN000169920686          TRANSFER FROM 4897971162098 / 	99922	 	7948.00	325286.50
17/09/2024	17/09/2024	   BY TRANSFER-NEFT*UTIB0000194*AXISCN0747090973*NOBR*FlatF01AptS--	TRANSFER FROM 4698184044307 / 	4430	 	8649.00	333935.50
17/09/2024	17/09/2024	   BY TRANSFER-NEFT*UTIB0000194*AXISCN0747124123*NOBR*FlatG15AptS--	TRANSFER FROM 3199419044300 / 	4430	 	4014.00	337949.50
17/09/2024	17/09/2024	   BY TRANSFER-NEFT*HDFC0000001*N261243272785105*ASHWIN PANDITH*G--	TRANSFER FROM 4697253044307 / 	4430	 	4395.00	342344.50
18/09/2024	18/09/2024	   BY TRANSFER-NEFT*ICIC0SF0002*HS92426257826784*DEVENDRARAWAT*NE--	TRANSFER FROM 3199418044301 / 	4430	 	3991.00	346335.50
18/09/2024	18/09/2024	TO CLEARING-Chq No. 452553 PNB   YUVARAJ S--452553	 / 452553	40743	7000.00	 	339335.50
18/09/2024	18/09/2024	   BY TRANSFER-NEFT*ICIC0SF0002*HS92426257836452*SURENDRANATH BEH--	TRANSFER FROM 4697191044306 / 	4430	 	3798.00	343133.50
19/09/2024	19/09/2024	TO CLEARING-Chq No. 452542 BOB   SMITHA T--452542	 / 452542	40743	31600.00	 	311533.50
19/09/2024	19/09/2024	TO CLEARING-Chq No. 452554 BOM   DIFESA SECURITY SERVICES--452554	 / 452554	40743	120360.00	 	191173.50
19/09/2024	19/09/2024	   BY TRANSFER-NEFT*UTIB0000194*AXISCN0749162711*NOBR*FlatS04AptS--	TRANSFER FROM 4697205044304 / 	4430	 	4011.00	195184.50
20/09/2024	20/09/2024	   BY TRANSFER-NEFT*UTIB0000194*AXISCN0750157180*NOBR*FlatG11AptS--	TRANSFER FROM 4697174044307 / 	4430	 	3906.00	199090.50
21/09/2024	21/09/2024	TO CLEARING-Chq No. 452552 KOT   SMARTERHOMES TECHNOLOGIE--452552	 / 452552	40743	25022.00	 	174068.50
21/09/2024	21/09/2024	   BY TRANSFER-UPI/CR/426550903142/VAMSIDHA/ICIC/9900181705/Payme--	TRANSFER FROM 4897738162095 / 	1	 	1.00	174069.50
21/09/2024	21/09/2024	   BY TRANSFER-UPI/CR/426575358837/VINYAS R/ICIC/1551358457/T 7 A--	TRANSFER FROM 4897738162095 / 	32295	 	3846.00	177915.50
22/09/2024	22/09/2024	   BY TRANSFER-INB IMPS/426609145553/ICI-XX379-VENKATA /G2 Mana P--	MAI000144366807          MAI000144366807          TRANSFER FROM 4898037162093 / 	99922	 	5026.00	182941.50
23/09/2024	23/09/2024	TO CLEARING-Chq No. 452551 BOB   BESCOM ASST EXE ENGG S 11--452551	 / 452551	40743	4265.00	 	178676.50
23/09/2024	23/09/2024	   BY TRANSFER-NEFT*UTIB0000194*AXISCN0753106053*NOBR*FlatT11AptS--	TRANSFER FROM 4697232044302 / 	4430	 	4378.00	183054.50
24/09/2024	24/09/2024	   BY TRANSFER-INB IMPS/426810658670/axb-XX814-KAPILGAR/KapilGarg--	MAJ000151661658          MAJ000151661658          TRANSFER FROM 4897963162098 / 	99922	 	4168.00	187222.50
24/09/2024	24/09/2024	   BY TRANSFER-NEFT*UTIB0000194*AXISCN0753981228*NOBR*FlatF15AptS--	TRANSFER FROM 4697239044305 / 	4430	 	4936.00	192158.50
24/09/2024	24/09/2024	   BY TRANSFER-NEFT*UTIB0005157*AXOIR26838500036*MS. JEYARANI JEG--	TRANSFER FROM 4697191044306 / 	4430	 	665.00	192823.50
24/09/2024	24/09/2024	   BY TRANSFER-NEFT*UTIB0005157*AXOIR26838500191*MS. JEYARANI JEG--	TRANSFER FROM 3199964044308 / 	4430	 	8000.00	200823.50
25/09/2024	25/09/2024	TO CLEARING-Chq No. 452548 BOM   Mr  SUBODH  PRADHAN--452548	 / 452548	40743	3000.00	 	197823.50
25/09/2024	25/09/2024	   BY TRANSFER-NEFT*UTIB0000194*AXISCN0755317720*NOBR*FlatT06AptS--	TRANSFER FROM 4697228044308 / 	4430	 	4315.00	202138.50
26/09/2024	26/09/2024	   BY TRANSFER-NEFT*UTIB0000423*AXOMB27054043911*IYER GANESH BALA--	TRANSFER FROM 4697240044301 / 	4430	 	13910.00	216048.50
28/09/2024	28/09/2024	   BY TRANSFER-NEFT*UTIB0000194*AXISCN0758309516*NOBR*FlatT15AptS--	TRANSFER FROM 4697183044306 / 	4430	 	4286.00	220334.50
29/09/2024	29/09/2024	   BY TRANSFER-UPI/CR/427307754425/VAMSIDHA/ICIC/9900181705/Payme--	TRANSFER FROM 4897732162091 / 	1	 	4999.00	225333.50
29/09/2024	29/09/2024	   BY TRANSFER-UPI/CR/427340185435/ANKUR KU/HDFC/agarwalank/Aug G--	TRANSFER FROM 4897732162091 / 	32295	 	5000.00	230333.50
29/09/2024	29/09/2024	   BY TRANSFER-NEFT*UTIB0000194*AXISCN0759100994*NOBR*FlatS02AptS--	TRANSFER FROM 4698187044304 / 	4430	 	5094.00	235427.50
30/09/2024	30/09/2024	   BY TRANSFER-NEFT*UTIB0005157*AXOMB27489001026*A IRUDAYARAJ ALW--	TRANSFER FROM 4698196044303 / 	4430	 	4164.00	239591.50
30/09/2024	30/09/2024	   BY TRANSFER-INB FlatNoF13MaintenanceAug24--	IT00XHRLV4               TRANSFER FROM 10421889519                         Mrs. RAMA DEVI S / 	99922	 	5238.00	244829.50
30/09/2024	30/09/2024	   BY TRANSFER-INB FlatNoS13MaintenanceAug24--	IT00XHRMY4               TRANSFER FROM 10421889519                         Mrs. RAMA DEVI S / 	99922	 	4067.00	248896.50

**This is a computer generated statement and does not require a signature