Account Name       :                	MANA PRISTINE FLAT OWNERS WELFARE ASSOCIATION,Mr. NISHANT  UPADHYAY,MAJ PRASENJIT CHAKRAVORTY
Address            :	SURVEY NO 31/38/6 DODDAKANNALLI VILLAGE OFF SARJAPUR ROAD BANGALORE 560035
                                    	
                                    	29-560035
                                    	India
Date               :                	10 Jun 2025
Account Number     :	_00000033001215401
Account Description:	CA-REGULAR-PUB-OTH-ALL-INR
Branch             :	KASAVANAHALLI
Drawing Power      :	0.00
Interest Rate(% p.a.):	0.0
MOD Balance      :	0.00
CIF No.          :	_86725625341
IFS Code         :	SBIN0032295
MICR Code        :	_560002296
Balance on 1 Apr 2025        :	2,51,149.92
Start Date          :	1 Apr 2025
End Date            :	30 Apr 2025
Txn Date	Value Date	Description	Ref No./Cheque No.	Branch Code	        Debit	Credit	Balance	
1 Apr 2025	1 Apr 2025	   BY TRANSFER-NEFT*UTIB0005157*AXOIR09099160562*SAMRAT KAR*BATCH--	TRANSFER FROM 99509044300 / 	4430	 	6,000.00	2,57,149.92
2 Apr 2025	2 Apr 2025	   BY TRANSFER-IMPS/509227235635/RNB-XX301-Razorpay/FlatG15Ap--	TRANSFER FROM 4698313162099 / 	16209	 	4,403.00	2,61,552.92
2 Apr 2025	2 Apr 2025	   BY TRANSFER-NEFT*DEUT0784PBC*DEUTN25092739118*SHYAM SANKARANAR--	TRANSFER FROM 99509044300 / 	4430	 	4,112.00	2,65,664.92
3 Apr 2025	3 Apr 2025	TO CLEARING-Chq No. 710291 FBL   CHANDRAKUMARPCHANDRA--710291	 / 710291	40743	16,800.00	 	2,48,864.92
3 Apr 2025	3 Apr 2025	   BY TRANSFER-UPI/CR/102506918858/RANJITH /HDFC/foreverran/maint--	TRANSFER FROM 4897736162097 / 	32295	 	15,000.00	2,63,864.92
3 Apr 2025	3 Apr 2025	   BY TRANSFER-IMPS/509313463915/IDF-XX904-RAZORPAY/FlatF10Ap--	TRANSFER FROM 4698318162094 / 	16209	 	5,314.00	2,69,178.92
3 Apr 2025	3 Apr 2025	   BY TRANSFER-IMPS/509327198733/RNB-XX301-Razorpay/FlatT06Ap--	TRANSFER FROM 4698318162094 / 	16209	 	4,864.00	2,74,042.92
6 Apr 2025	6 Apr 2025	   BY TRANSFER-NEFT*HDFC0000001*HDFCH00166874570*JEYARANI JEGANAT--	TRANSFER FROM 99509044300 / 	4430	 	6,065.00	2,80,107.92
8 Apr 2025	8 Apr 2025	CASH CHEQUE-CASH WITHDRAWAL BY CHQ--710309	 / 710309	32295	10,000.00	 	2,70,107.92
8 Apr 2025	8 Apr 2025	TO DEBIT THROUGH CHEQUE-SBI   8513240 RAJU D--710295	 / 710295	32295	3,200.00	 	2,66,907.92
8 Apr 2025	8 Apr 2025	TO DEBIT THROUGH CHEQUE-SBI   8513240 RAJU D--710310	 / 710310	32295	15,000.00	 	2,51,907.92
8 Apr 2025	8 Apr 2025	TO DEBIT THROUGH CHEQUE-SBI   8513240 RAJU D--710298	 / 710298	32295	3,200.00	 	2,48,707.92
8 Apr 2025	8 Apr 2025	TO DEBIT THROUGH CHEQUE-SBI   8513240 RAJU D--710308	 / 710308	32295	4,300.00	 	2,44,407.92
8 Apr 2025	8 Apr 2025	TO DEBIT THROUGH CHEQUE-SBI   8513240 RAJU D--710297	 / 710297	32295	2,220.00	 	2,42,187.92
8 Apr 2025	8 Apr 2025	TO DEBIT THROUGH CHEQUE-SBI   8513240 RAJU D--710296	 / 710296	32295	9,100.00	 	2,33,087.92
9 Apr 2025	9 Apr 2025	   BY TRANSFER-IMPS/509925119698/RNB-XX301-Razorpay/FlatF06Ap--	TRANSFER FROM 4698313162099 / 	16209	 	4,155.00	2,37,242.92
13 Apr 2025	13 Apr 2025	   BY TRANSFER-SBIYA25103083300748749000-G10 maintenanc--	TRANSFER FROM 33028750866                         Mr. CIJO  JACOB / 	61034	 	4,965.00	2,42,207.92
14 Apr 2025	14 Apr 2025	TO CLEARING-Chq No. 710312 FBL   AJITHANATHMULTIPURPOS--710312	 / 710312	40743	7,000.00	 	2,35,207.92
14 Apr 2025	14 Apr 2025	TO CLEARING-Chq No. 710306 PNB   YUVARAJ S--710306	 / 710306	40743	7,000.00	 	2,28,207.92
14 Apr 2025	14 Apr 2025	TO CLEARING-Chq No. 710307 PNB   YUVARAJ S--710307	 / 710307	40743	7,000.00	 	2,21,207.92
14 Apr 2025	14 Apr 2025	   BY TRANSFER-INB Maintenance Charges--	IT00ZNEXU0               TRANSFER FROM 10458393278                          MAJ PRASENJIT CHAKRAV / 	99922	 	4,668.00	2,25,875.92
14 Apr 2025	14 Apr 2025	   BY TRANSFER-IMPS/510425147863/RNB-XX301-Razorpay/FlatT02Ap--	TRANSFER FROM 4698302162091 / 	16209	 	5,236.00	2,31,111.92
14 Apr 2025	14 Apr 2025	   BY TRANSFER-NEFT*UTIB0000423*AXOMB10408305183*IYER GANESH BALA--	TRANSFER FROM 99509044300 / 	4430	 	4,996.00	2,36,107.92
14 Apr 2025	14 Apr 2025	   BY TRANSFER-NEFT*HDFC0000001*HDFCH00182694262*RENU R*BATCHID:0--	TRANSFER FROM 99509044300 / 	4430	 	5,000.00	2,41,107.92
14 Apr 2025	14 Apr 2025	   BY TRANSFER-NEFT*HDFC0000001*HDFCH00183564671*MANISHA GHOSHAL*--	TRANSFER FROM 99509044300 / 	4430	 	4,603.00	2,45,710.92
15 Apr 2025	15 Apr 2025	   BY TRANSFER-IMPS/510528145543/RNB-XX301-Razorpay/FlatT09Ap--	TRANSFER FROM 4698308162095 / 	16209	 	5,255.00	2,50,965.92
15 Apr 2025	15 Apr 2025	   BY TRANSFER-IMPS/510525277454/RNB-XX301-Razorpay/FlatF08Ap--	TRANSFER FROM 4698308162095 / 	16209	 	4,603.00	2,55,568.92
15 Apr 2025	15 Apr 2025	   BY TRANSFER-IMPS/510525281145/RNB-XX301-Razorpay/FlatG07Ap--	TRANSFER FROM 4698308162095 / 	16209	 	9,614.00	2,65,182.92
15 Apr 2025	15 Apr 2025	   BY TRANSFER-IMPS/510525297893/RNB-XX301-Razorpay/FlatS04Ap--	TRANSFER FROM 4698308162095 / 	16209	 	4,768.00	2,69,950.92
15 Apr 2025	15 Apr 2025	   BY TRANSFER-NEFT*DEUT0784PBC*DEUTN25105883122*SHYAM SANKARANAR--	TRANSFER FROM 99509044300 / 	4430	 	4,868.00	2,74,818.92
15 Apr 2025	15 Apr 2025	   BY TRANSFER-IMPS/510528178574/RNB-XX301-Razorpay/FlatG14Ap--	TRANSFER FROM 4698308162095 / 	16209	 	5,081.00	2,79,899.92
15 Apr 2025	15 Apr 2025	   BY TRANSFER-NEFT*HDFC0000001*HDFCH00185816336*N GEETHA*BATCHID--	TRANSFER FROM 99509044300 / 	4430	 	4,632.00	2,84,531.92
16 Apr 2025	16 Apr 2025	TO CLEARING-Chq No. 710302 YES   SHREE OFFICE PLANET--710302	 / 710302	40743	4,507.00	 	2,80,024.92
16 Apr 2025	16 Apr 2025	TO CLEARING-Chq No. 710303 YES   SHREE OFFICE PLANET--710303	 / 710303	40743	2,428.00	 	2,77,596.92
16 Apr 2025	16 Apr 2025	TO CLEARING-Chq No. 710299 AXS   OM SAI ENTERPRISES--710299	 / 710299	40743	6,600.00	 	2,70,996.92
17 Apr 2025	17 Apr 2025	TO CLEARING-Chq No. 710301 BOB   ASSISTANT EXECUTIVE ENGIN--710301	 / 710301	40743	26,100.00	 	2,44,896.92
18 Apr 2025	18 Apr 2025	   BY TRANSFER-IMPS/510828163245/RNB-XX301-Razorpay/FlatF14Ap--	TRANSFER FROM 4698323162097 / 	16209	 	5,727.00	2,50,623.92
18 Apr 2025	18 Apr 2025	   BY TRANSFER-IMPS/510828247779/RNB-XX301-Razorpay/FlatS11Ap--	TRANSFER FROM 4698323162097 / 	16209	 	4,685.00	2,55,308.92
18 Apr 2025	18 Apr 2025	   BY TRANSFER-IMPS/510821827030/ICI-XX379-KASIBHAT/G2 Mana P--	TRANSFER FROM 4698323162097 / 	16209	 	5,645.64	2,60,954.56
18 Apr 2025	18 Apr 2025	   BY TRANSFER-IMPS/510826262329/RNB-XX301-Razorpay/FlatG15Ap--	TRANSFER FROM 4698323162097 / 	16209	 	4,935.00	2,65,889.56
18 Apr 2025	18 Apr 2025	   BY TRANSFER-IMPS/510822452957/axb-XX814-KAPILGAR/OthersT3--	TRANSFER FROM 4698323162097 / 	16209	 	4,978.14	2,70,867.70
19 Apr 2025	19 Apr 2025	   BY TRANSFER-IMPS/510911405334/ICI-XX017-SURENDRA/S-1_SNB_M--	TRANSFER FROM 4698328162092 / 	16209	 	4,592.12	2,75,459.82
19 Apr 2025	19 Apr 2025	   BY TRANSFER-IMPS/510925366951/RNB-XX301-Razorpay/FlatT15Ap--	TRANSFER FROM 4698328162092 / 	16209	 	5,359.00	2,80,818.82
20 Apr 2025	20 Apr 2025	   BY TRANSFER-NEFT*ICIC0SF0002*ICIN111077752748*DEVENDRA SINGH R--	TRANSFER FROM 99509044300 / 	4430	 	10,455.00	2,91,273.82
20 Apr 2025	20 Apr 2025	   BY TRANSFER-NEFT*ICIC0SF0002*ICIN111077754854*PAWAN SUBHASH*BA--	TRANSFER FROM 99509044300 / 	4430	 	6,000.00	2,97,273.82
20 Apr 2025	20 Apr 2025	   BY TRANSFER-IMPS/511025431746/RNB-XX301-Razorpay/FlatF09Ap--	TRANSFER FROM 4698333162095 / 	16209	 	4,943.00	3,02,216.82
20 Apr 2025	20 Apr 2025	   BY TRANSFER-IMPS/511028234463/RNB-XX301-Razorpay/FlatS12Ap--	TRANSFER FROM 4698333162095 / 	16209	 	5,270.00	3,07,486.82
20 Apr 2025	20 Apr 2025	   BY TRANSFER-IMPS/511021485250/axb-XX747-MGANESAN/G16FEBMAR--	TRANSFER FROM 4698333162095 / 	16209	 	9,047.00	3,16,533.82
21 Apr 2025	21 Apr 2025	   BY TRANSFER-SBIYA25111032901897831751-F3 march 25--	TRANSFER FROM 30006991230                         Mr. SAMRAT  KAR / 	61034	 	6,316.87	3,22,850.69
21 Apr 2025	21 Apr 2025	TO CLEARING-Chq No. 710305 BOB   SMITHA T--710305	 / 710305	40743	35,000.00	 	2,87,850.69
21 Apr 2025	21 Apr 2025	   BY TRANSFER-UPI/CR/641760425053/VAMSIDHA/ICIC/9900181705/T10--	TRANSFER FROM 4897733162090 / 	1	 	5,754.00	2,93,604.69
21 Apr 2025	21 Apr 2025	   BY TRANSFER-UPI/CR/507174153124/VAMSIDHA/ICIC/9900181705/F5--	TRANSFER FROM 4897733162090 / 	1	 	9,457.00	3,03,061.69
21 Apr 2025	21 Apr 2025	   BY TRANSFER-IMPS/511125231772/RNB-XX301-Razorpay/FlatT08Ap--	TRANSFER FROM 4698302162091 / 	16209	 	10,568.00	3,13,629.69
22 Apr 2025	22 Apr 2025	   BY TRANSFER-IMPS/511225269335/RNB-XX301-Razorpay/FlatF15Ap--	TRANSFER FROM 4698308162095 / 	16209	 	5,709.00	3,19,338.69
22 Apr 2025	22 Apr 2025	   BY TRANSFER-NEFT*UTIB0005157*AXOMB11277508939*NISHANT UPADHYAY--	TRANSFER FROM 99509044300 / 	4430	 	12,494.00	3,31,832.69
23 Apr 2025	23 Apr 2025	TO CLEARING-Chq No. 710300 BOM   DIFESA SECURITY SERVICES--710300	 / 710300	40743	1,20,360.00	 	2,11,472.69
23 Apr 2025	23 Apr 2025	TO CLEARING-Chq No. 710286 BOM   DIFESA SECURITY SERVICES--710286	 / 710286	40743	1,20,360.00	 	91,112.69
23 Apr 2025	23 Apr 2025	TO CLEARING-Chq No. 710314 AXS   MUNIREDDY A--710314	 / 710314	40743	24,300.00	 	66,812.69
23 Apr 2025	23 Apr 2025	   BY TRANSFER-IMPS/511327074743/RNB-XX301-Razorpay/FlatG01Ap--	TRANSFER FROM 4698313162099 / 	16209	 	5,139.00	71,951.69
23 Apr 2025	23 Apr 2025	   BY TRANSFER-IMPS/511327096603/RNB-XX301-Razorpay/FlatS03Ap--	TRANSFER FROM 4698313162099 / 	16209	 	5,088.00	77,039.69
24 Apr 2025	24 Apr 2025	   BY TRANSFER-NEFT*HDFC0000001*HDFCH00198784639*ASHWIN PANDITH*B--	TRANSFER FROM 99509044300 / 	4430	 	5,441.00	82,480.69
24 Apr 2025	24 Apr 2025	TO CLEARING-Chq No. 710311 BOM   Mr SUBODH  PRADHAN--710311	 / 710311	40743	3,000.00	 	79,480.69
24 Apr 2025	24 Apr 2025	   BY TRANSFER-IMPS/511428044251/RNB-XX301-Razorpay/FlatS07Ap--	TRANSFER FROM 4698318162094 / 	16209	 	4,677.00	84,157.69
24 Apr 2025	24 Apr 2025	   BY TRANSFER-NEFT*ICIC0SF0002*ICIN111477932622*MASOOD ALI MOHAM--	TRANSFER FROM 99509044300 / 	4430	 	10,099.00	94,256.69
24 Apr 2025	24 Apr 2025	   BY TRANSFER-NEFT*HDFC0000001*HDFCH00200344806*BALAKRISHNAN KRI--	TRANSFER FROM 99509044300 / 	4430	 	5,364.00	99,620.69
25 Apr 2025	25 Apr 2025	TO CLEARING-Chq No. 710313 KOT   SMARTERHOMES TECHNOLOGIE--710313	 / 710313	40743	25,022.00	 	74,598.69
25 Apr 2025	25 Apr 2025	   BY TRANSFER-INB T1 Prashant Maintenance--	IT00ZQAGF6               TRANSFER FROM 20071385409                         Mr. PRASHANT  SIKDAR / 	99922	 	5,820.00	80,418.69
28 Apr 2025	28 Apr 2025	   BY TRANSFER-INB FlatF13MaintenanceMar2025--	IT00ZQPEN9               TRANSFER FROM 10421889519                         Mrs. RAMA DEVI S / 	99922	 	4,730.00	85,148.69
28 Apr 2025	28 Apr 2025	   BY TRANSFER-INB FlatS13MaintenanceMar2025--	IT00ZQPEQ3               TRANSFER FROM 10421889519                         Mrs. RAMA DEVI S / 	99922	 	4,808.00	89,956.69
28 Apr 2025	28 Apr 2025	   BY TRANSFER-IMPS/511825364518/RNB-XX301-Razorpay/FlatF06Ap--	TRANSFER FROM 4698302162091 / 	16209	 	4,871.00	94,827.69
28 Apr 2025	28 Apr 2025	   BY TRANSFER-IMPS/511823266726/ICI-XX312-SHAILESH/IMPS Tran--	TRANSFER FROM 4698302162091 / 	16209	 	4,944.00	99,771.69
29 Apr 2025	29 Apr 2025	   BY TRANSFER-IMPS/511926242495/RNB-XX301-Razorpay/FlatT06Ap--	TRANSFER FROM 4698308162095 / 	16209	 	5,499.00	1,05,270.69
30 Apr 2025	30 Apr 2025	   BY TRANSFER-IMPS/512027128984/RNB-XX301-Razorpay/FlatT11Ap--	TRANSFER FROM 4698313162099 / 	16209	 	4,809.00	1,10,079.69
30 Apr 2025	30 Apr 2025	   BY TRANSFER-IMPS/512025237434/RNB-XX301-Razorpay/FlatT16Ap--	TRANSFER FROM 4698313162099 / 	16209	 	9,775.00	1,19,854.69
30 Apr 2025	30 Apr 2025	   BY TRANSFER-NEFT*UTIB0005157*AXOMB12039297921*A IRUDAYARAJ ALW--	TRANSFER FROM 99509044300 / 	4430	 	5,993.97	1,25,848.66

**This is a computer generated statement and does not require a signature