Account Name       :                	MANA PRISTINE FLAT OWNERS WELFARE ASSOCIATION               
Address            :	SURVEY NO 31/38/6 DODDAKANNALLI VILLAGE OFF SARJAPUR ROAD BANGALORE 560035
                                    	Bangalore
                                    	29-560035
                                    	India
Date               :                	30 Nov 2025
Account Number     :	_00000033001215401
Branch             :	KASAVANAHALLI
Interest Rate(% p.a.):	0.0
IFS Code                      	SBIN0032295
Account Type                  	Current Account
MOD Balance      :	_0.00
CIF No.          :	_86725625341
MICR Code        :	_560002296
Drawing Power      :	0.00
Balance on 1 Aug 2025        :	4,71,148.01
Start Date          :	1 Aug 2025 
End Date            :	31 Aug 2025 
Txn Date	Value Date	Description	Ref No./Cheque No.	Branch Code	        Debit	Credit	Balance	
1 Aug 2025 	1 Aug 2025 	   BY TRANSFER-NEFT*UTIB0000086*AXOIR21300913320*SAMRAT KAR*BATCH--	TRANSFER FROM 99509044300 / 	4430	 	6,000.00	4,77,148.01
1 Aug 2025 	1 Aug 2025 	   BY TRANSFER-NEFT*IDFB0010201*IDFBH25213859717*RAZORPAYX ESCROW--	TRANSFER FROM 99509044300 / 	4430	 	5,000.00	4,82,148.01
3 Aug 2025 	3 Aug 2025 	   BY TRANSFER-NEFT*IDFB0081187*IDFB521545114334*Masood Ali Moham--	TRANSFER FROM 99509044300 / 	4430	 	4,926.00	4,87,074.01
3 Aug 2025 	3 Aug 2025 	   BY TRANSFER-NEFT*UTIB0000086*AXOMB21502049012*IYER GANESH BALA--	TRANSFER FROM 99509044300 / 	4430	 	4,459.00	4,91,533.01
3 Aug 2025 	3 Aug 2025 	   BY TRANSFER-NEFT*IDFB0010201*IDFBH25215252269*RAZORPAYX ESCROW--	TRANSFER FROM 99509044300 / 	4430	 	5,522.00	4,97,055.01
6 Aug 2025 	6 Aug 2025 	CHEQUE WDL-CHEQUE TRANSFER TO--209409	TRANSFER FROM 32430881220                         Mr. D  RAJU / 209409	32295	3,300.00	 	4,93,755.01
6 Aug 2025 	6 Aug 2025 	CHEQUE WDL-CHEQUE TRANSFER TO--209408	TRANSFER FROM 32430881220                         Mr. D  RAJU / 209408	32295	15,000.00	 	4,78,755.01
6 Aug 2025 	6 Aug 2025 	CASH CHEQUE-CASH WITHDRAWAL BY CHQ--209414	 / 209414	32295	10,000.00	 	4,68,755.01
7 Aug 2025 	7 Aug 2025 	   BY TRANSFER-NEFT*IDFB0010201*IDFBH25219169053*RAZORPAYX ESCROW--	TRANSFER FROM 99509044300 / 	4430	 	5,840.00	4,74,595.01
7 Aug 2025 	7 Aug 2025 	   BY TRANSFER-NEFT*IDFB0010201*IDFBH25219171244*RAZORPAYX ESCROW--	TRANSFER FROM 99509044300 / 	4430	 	5,121.00	4,79,716.01
7 Aug 2025 	7 Aug 2025 	   BY TRANSFER-NEFT*IDFB0010201*IDFBH25219182606*RAZORPAYX ESCROW--	TRANSFER FROM 99509044300 / 	4430	 	5,351.00	4,85,067.01
7 Aug 2025 	7 Aug 2025 	   BY TRANSFER-UPI/CR/109428736583/ANKUR KU/HDFC/agarwalank/G9 Ju--	TRANSFER FROM 4897736162097 / 	32295	 	5,869.00	4,90,936.01
8 Aug 2025 	8 Aug 2025 	   BY TRANSFER-NEFT*IDFB0010201*IDFBH25220286441*RAZORPAYX ESCROW--	TRANSFER FROM 99509044300 / 	4430	 	5,226.00	4,96,162.01
8 Aug 2025 	8 Aug 2025 	TO CLEARING-Chq No. 710360 BOM   Mr SUBODH  PRADHAN--710360	 / 710360	40743	3,000.00	 	4,93,162.01
8 Aug 2025 	8 Aug 2025 	TO CLEARING-Chq No. 209412 BOM   Mr SUBODH  PRADHAN--209412	 / 209412	40743	3,000.00	 	4,90,162.01
8 Aug 2025 	8 Aug 2025 	TO CLEARING-Chq No. 710370 AXS   MUNIREDDY A--710370	 / 710370	40743	23,000.00	 	4,67,162.01
8 Aug 2025 	8 Aug 2025 	   BY TRANSFER-NEFT*HDFC0000001*HDFCH00414012985*MANISHA GHOSHAL*--	TRANSFER FROM 99509044300 / 	4430	 	5,108.00	4,72,270.01
9 Aug 2025 	9 Aug 2025 	   BY TRANSFER-INB S14 Payment--	IT0AAUPBF4               TRANSFER FROM 20179187654                         Mr. NISHANT  UPADHYAY / 	99922	 	10,000.00	4,82,270.01
9 Aug 2025 	9 Aug 2025 	   BY TRANSFER-IMPS/522189968701/axb-XX747-MGANESAN/G16JulyEx--	TRANSFER FROM 4698328162092 / 	16209	 	5,297.38	4,87,567.39
9 Aug 2025 	9 Aug 2025 	   BY TRANSFER-IMPS/522120834653/ICI-XX017-SURENDRA/S-1_SNB_J--	TRANSFER FROM 4698328162092 / 	16209	 	5,177.80	4,92,745.19
10 Aug 2025 	10 Aug 2025 	   BY TRANSFER-UPI/CR/522203169989/VINYAS R/ICIC/1551358457/T 7 J--	TRANSFER FROM 4897732162091 / 	32295	 	1,794.00	4,94,539.19
10 Aug 2025 	10 Aug 2025 	   BY TRANSFER-UPI/CR/558898331290/HARSHITA/ICIC/haporwal97/T3 MA--	TRANSFER FROM 4897732162091 / 	32295	 	6,114.88	5,00,654.07
10 Aug 2025 	10 Aug 2025 	   BY TRANSFER-NEFT*IDFB0010201*IDFBH25222679593*RAZORPAYX ESCROW--	TRANSFER FROM 99509044300 / 	4430	 	6,042.00	5,06,696.07
10 Aug 2025 	10 Aug 2025 	   BY TRANSFER-NEFT*HDFC0000001*HDFCH00417776162*RENU R*BATCHID:0--	TRANSFER FROM 99509044300 / 	4430	 	5,554.00	5,12,250.07
10 Aug 2025 	10 Aug 2025 	   BY TRANSFER-NEFT*IDFB0010201*IDFBH25222694449*RAZORPAYX ESCROW--	TRANSFER FROM 99509044300 / 	4430	 	5,439.00	5,17,689.07
11 Aug 2025 	11 Aug 2025 	TO CLEARING-Chq No. 710367 BOM   DIFESA SECURITY SERVICES--710367	 / 710367	40743	1,20,360.00	 	3,97,329.07
11 Aug 2025 	11 Aug 2025 	TO CLEARING-Chq No. 209407 BOM   DIFESA SECURITY SERVICES--209407	 / 209407	40743	1,51,040.00	 	2,46,289.07
11 Aug 2025 	11 Aug 2025 	   BY TRANSFER-NEFT*HDFC0000001*HDFCH00418484143*N GEETHA*BATCHID--	TRANSFER FROM 99509044300 / 	4430	 	5,218.00	2,51,507.07
13 Aug 2025 	13 Aug 2025 	TO CLEARING-Chq No. 710368 AXS   OM SAI ENTERPRISES--710368	 / 710368	40743	6,600.00	 	2,44,907.07
13 Aug 2025 	13 Aug 2025 	   BY TRANSFER-NEFT*IDFB0010201*IDFBH25225257803*RAZORPAYX ESCROW--	TRANSFER FROM 99509044300 / 	4430	 	6,296.00	2,51,203.07
14 Aug 2025 	14 Aug 2025 	TO CLEARING-Chq No. 710369 BOB   SMITHA T--710369	 / 710369	40743	31,600.00	 	2,19,603.07
14 Aug 2025 	14 Aug 2025 	   BY TRANSFER-NEFT*HDFC0000001*HDFCH00427277141*ASHWIN PANDITH*B--	TRANSFER FROM 99509044300 / 	4430	 	7,082.00	2,26,685.07
15 Aug 2025 	15 Aug 2025 	   BY TRANSFER-NEFT*IDFB0010201*IDFBH25226489994*RAZORPAYX ESCROW--	TRANSFER FROM 99509044300 / 	4430	 	1,057.00	2,27,742.07
15 Aug 2025 	15 Aug 2025 	   BY TRANSFER-NEFT*ICIC0SF0002*ICIN122790444990*DEVENDRA SINGH R--	TRANSFER FROM 99509044300 / 	4430	 	5,525.00	2,33,267.07
15 Aug 2025 	15 Aug 2025 	   BY TRANSFER-NEFT*ICIC0SF0002*ICIN122790462065*PAWAN SUBHASH*BA--	TRANSFER FROM 99509044300 / 	4430	 	5,500.00	2,38,767.07
15 Aug 2025 	15 Aug 2025 	   BY TRANSFER-SBIYA25227104000312548218-G10 maintenanc--	TRANSFER FROM 33028750866                         Mr. CIJO  JACOB / 	61034	 	6,008.00	2,44,775.07
15 Aug 2025 	15 Aug 2025 	   BY TRANSFER-NEFT*IDFB0010201*IDFBH25227512181*RAZORPAYX ESCROW--	TRANSFER FROM 99509044300 / 	4430	 	5,377.00	2,50,152.07
15 Aug 2025 	15 Aug 2025 	   BY TRANSFER-IMPS/522711446194/ICI-XX379-KASIBHAT/G2 Mainte--	TRANSFER FROM 4698323162097 / 	16209	 	6,478.88	2,56,630.95
15 Aug 2025 	15 Aug 2025 	   BY TRANSFER-NEFT*IDFB0010201*IDFBH25227552589*RAZORPAYX ESCROW--	TRANSFER FROM 99509044300 / 	4430	 	5,457.00	2,62,087.95
16 Aug 2025 	16 Aug 2025 	TO CLEARING-Chq No. 710365 CAB   ASHOK KUMAR BARIK--710365	 / 710365	40743	7,000.00	 	2,55,087.95
16 Aug 2025 	16 Aug 2025 	TO CLEARING-Chq No. 209410 CAB   ASHOK KUMAR BARIK--209410	 / 209410	40743	7,000.00	 	2,48,087.95
16 Aug 2025 	16 Aug 2025 	TO CLEARING-Chq No. 209415 PNB   YUVARAJ S--209415	 / 209415	40743	7,000.00	 	2,41,087.95
16 Aug 2025 	16 Aug 2025 	   BY TRANSFER-NEFT*IDFB0010201*IDFBH25228650571*RAZORPAYX ESCROW--	TRANSFER FROM 99509044300 / 	4430	 	18,827.00	2,59,914.95
16 Aug 2025 	16 Aug 2025 	   BY TRANSFER-NEFT*IDFB0010201*IDFBH25228655194*RAZORPAYX ESCROW--	TRANSFER FROM 99509044300 / 	4430	 	15,859.00	2,75,773.95
18 Aug 2025 	18 Aug 2025 	   BY TRANSFER-NEFT*IDFB0010201*IDFBH25230779705*RAZORPAYX ESCROW--	TRANSFER FROM 99509044300 / 	4430	 	5,635.00	2,81,408.95
20 Aug 2025 	20 Aug 2025 	   BY TRANSFER-INB Maintenance charges--	IT0AAXDWA1               TRANSFER FROM 10458393278                         Mr. MAJ PRASENJIT CHAK / 	99922	 	5,218.70	2,86,627.65
20 Aug 2025 	20 Aug 2025 	   BY TRANSFER-NEFT*IDFB0010201*IDFBH25232125344*RAZORPAYX ESCROW--	TRANSFER FROM 99509044300 / 	4430	 	6,487.00	2,93,114.65
20 Aug 2025 	20 Aug 2025 	   BY TRANSFER-INB T1 Prashant July--	IT0AAXGIZ4               TRANSFER FROM 20071385409                         Mr. PRASHANT  SIKDAR / 	99922	 	6,420.00	2,99,534.65
22 Aug 2025 	22 Aug 2025 	TO CLEARING-Chq No. 710359 YES   SHREE OFFICE PLANET--710359	 / 710359	40743	3,661.00	 	2,95,873.65
22 Aug 2025 	22 Aug 2025 	TO CLEARING-Chq No. 209406 BOB   ASSISTANT EXECUTIVE ENGIN--209406	 / 209406	40743	29,359.00	 	2,66,514.65
22 Aug 2025 	22 Aug 2025 	   BY TRANSFER-NEFT*IDFB0010201*IDFBH25234496325*RAZORPAYX ESCROW--	TRANSFER FROM 99509044300 / 	4430	 	5,790.00	2,72,304.65
22 Aug 2025 	22 Aug 2025 	   BY TRANSFER-NEFT*IDFB0010201*IDFBH25234510673*RAZORPAYX ESCROW--	TRANSFER FROM 99509044300 / 	4430	 	5,290.00	2,77,594.65
23 Aug 2025 	23 Aug 2025 	   BY TRANSFER-NEFT*IDFB0010201*IDFBH25235654713*RAZORPAYX ESCROW--	TRANSFER FROM 99509044300 / 	4430	 	5,434.00	2,83,028.65
23 Aug 2025 	23 Aug 2025 	   BY TRANSFER-NEFT*IDFB0010201*IDFBH25235672596*RAZORPAYX ESCROW--	TRANSFER FROM 99509044300 / 	4430	 	5,875.00	2,88,903.65
23 Aug 2025 	23 Aug 2025 	   BY TRANSFER-NEFT*IDFB0010201*IDFBH25235691672*RAZORPAYX ESCROW--	TRANSFER FROM 99509044300 / 	4430	 	5,905.00	2,94,808.65
24 Aug 2025 	24 Aug 2025 	   BY TRANSFER-NEFT*IDFB0010201*IDFBH25236752395*RAZORPAYX ESCROW--	TRANSFER FROM 99509044300 / 	4430	 	5,465.00	3,00,273.65
24 Aug 2025 	24 Aug 2025 	   BY TRANSFER-IMPS/523623447053/ICI-XX312-SHAILESH/IMPS Tran--	TRANSFER FROM 4698333162095 / 	16209	 	5,497.00	3,05,770.65
25 Aug 2025 	25 Aug 2025 	   BY TRANSFER-NEFT*IDFB0010201*IDFBH25237814175*RAZORPAYX ESCROW--	TRANSFER FROM 99509044300 / 	4430	 	5,168.00	3,10,938.65
25 Aug 2025 	25 Aug 2025 	CHEQUE WDL-CHEQUE TRANSFER TO--209416	TRANSFER FROM 32430881220                         Mr. D  RAJU / 209416	32295	25,000.00	 	2,85,938.65
25 Aug 2025 	25 Aug 2025 	   BY TRANSFER-NEFT*IDFB0010201*IDFBH25237838724*RAZORPAYX ESCROW--	TRANSFER FROM 99509044300 / 	4430	 	6,161.00	2,92,099.65
25 Aug 2025 	25 Aug 2025 	   BY TRANSFER-NEFT*UTIB0005157*AXOIR23700916070*VIMAL N K*BATCHI--	TRANSFER FROM 99509044300 / 	4430	 	5,938.62	2,98,038.27
25 Aug 2025 	25 Aug 2025 	   BY TRANSFER-NEFT*DEUT0784PBC*DEUTN25237376037*SHYAM SANKARANAR--	TRANSFER FROM 99509044300 / 	4430	 	6,120.00	3,04,158.27
25 Aug 2025 	25 Aug 2025 	   BY TRANSFER-NEFT*HDFC0000001*HDFCH00442019659*BALAKRISHNAN KRI--	TRANSFER FROM 99509044300 / 	4430	 	6,558.00	3,10,716.27
25 Aug 2025 	25 Aug 2025 	   BY TRANSFER-UPI/CR/085817621533/VAMSIDHA/ICIC/9900181705/F5 Ju--	TRANSFER FROM 4897733162090 / 	1	 	5,172.00	3,15,888.27
25 Aug 2025 	25 Aug 2025 	   BY TRANSFER-UPI/CR/669467976847/VAMSIDHA/ICIC/9900181705/T10 J--	TRANSFER FROM 4897733162090 / 	1	 	5,886.00	3,21,774.27
26 Aug 2025 	26 Aug 2025 	   BY TRANSFER-NEFT*UTIB0001888*AXOMB23802022087*IRUDAYARAJ ALWIN--	TRANSFER FROM 99509044300 / 	4430	 	6,830.03	3,28,604.30
26 Aug 2025 	26 Aug 2025 	   BY TRANSFER-NEFT*IDFB0010201*IDFBH25238124545*RAZORPAYX ESCROW--	TRANSFER FROM 99509044300 / 	4430	 	5,000.00	3,33,604.30
27 Aug 2025 	27 Aug 2025 	   BY TRANSFER-NEFT*IDFB0010201*IDFBH25239205859*RAZORPAYX ESCROW--	TRANSFER FROM 99509044300 / 	4430	 	5,200.00	3,38,804.30
28 Aug 2025 	28 Aug 2025 	   BY TRANSFER-NEFT*IDFB0010201*IDFBH25240249203*RAZORPAYX ESCROW--	TRANSFER FROM 99509044300 / 	4430	 	6,502.00	3,45,306.30
28 Aug 2025 	28 Aug 2025 	   BY TRANSFER-NEFT*IDFB0010201*IDFBH25240284092*RAZORPAYX ESCROW--	TRANSFER FROM 99509044300 / 	4430	 	5,514.00	3,50,820.30
29 Aug 2025 	29 Aug 2025 	TO CLEARING-Chq No. 209411 KOT   SMARTERHOMES TECHNOLOGIE--209411	 / 209411	40743	26,272.00	 	3,24,548.30
30 Aug 2025 	30 Aug 2025 	TO CLEARING-Chq No. 209413 CHB   KONE ELEVATOR INDIA PVT L--209413	 / 209413	40743	28,980.00	 	2,95,568.30
30 Aug 2025 	30 Aug 2025 	   BY TRANSFER-NEFT*IDFB0010201*IDFBH25242747301*RAZORPAYX ESCROW--	TRANSFER FROM 99509044300 / 	4430	 	6,261.00	3,01,829.30

**This is a computer generated statement and does not require a signature