Account Name       :                	MANA PRISTINE FLAT OWNERS WELFARE ASSOCIATION               
Address            :	SURVEY NO 31/38/6 DODDAKANNALLI VILLAGE OFF SARJAPUR ROAD BANGALORE 560035
                                    	Bangalore
                                    	29-560035
                                    	India
Date               :                	5 Apr 2026
Account Number     :	_00000033001215401
Branch             :	KASAVANAHALLI
Interest Rate(% p.a.):	0.0
IFS Code                      	SBIN0032295
Account Type                  	Current Account
MOD Balance      :	_0.00
CIF No.          :	_86725625341
MICR Code        :	_560002296
Drawing Power      :	0.00
Balance on 1 Dec 2025        :	2,47,731.33
Start Date          :	1 Dec 2025 
End Date            :	31 Dec 2025 
Txn Date	Value Date	Description	Ref No./Cheque No.	Branch Code	        Debit	Credit	Balance	
1 Dec 2025 	1 Dec 2025 	   BY TRANSFER-NEFT*UTIB0005157*AXOIR33500919971*SAMRAT KAR*BATCH--	TRANSFER FROM 99509044300 / 	4430	 	6,000.00	2,53,731.33
1 Dec 2025 	1 Dec 2025 	   BY TRANSFER-NEFT*YESB0000001*YESAP53355741132*Nobroker Technol--	TRANSFER FROM 99509044300 / 	4430	 	6,114.00	2,59,845.33
1 Dec 2025 	1 Dec 2025 	   BY TRANSFER-NEFT*HDFC0000001*HDFCH00645071943*ASHWIN PANDITH*B--	TRANSFER FROM 99509044300 / 	4430	 	6,231.00	2,66,076.33
4 Dec 2025 	4 Dec 2025 	   BY TRANSFER-NEFT*YESB0000001*YESAP53385479343*Nobroker Technol--	TRANSFER FROM 99509044300 / 	4430	 	6,114.00	2,72,190.33
7 Dec 2025 	7 Dec 2025 	   BY TRANSFER-NEFT*YESB0000001*YESAP53415907267*Nobroker Technol--	TRANSFER FROM 99509044300 / 	4430	 	6,114.00	2,78,304.33
8 Dec 2025 	8 Dec 2025 	   BY TRANSFER-NEFT*YESB0000001*YESAP53425148155*Nobroker Technol--	TRANSFER FROM 99509044300 / 	4430	 	6,114.00	2,84,418.33
8 Dec 2025 	8 Dec 2025 	CASH CHEQUE-CASH WITHDRAWAL BY CHQ--209478	 / 209478	32295	10,000.00	 	2,74,418.33
8 Dec 2025 	8 Dec 2025 	CHEQUE WDL-D RAJU--209465	TRANSFER FROM 32430881220                         Mr. D  RAJU / 209465	32295	17,000.00	 	2,57,418.33
8 Dec 2025 	8 Dec 2025 	CHEQUE WDL-D Sireesha--209477	TRANSFER FROM 42745406864                         Mrs. D  Sireesha / 209477	32295	4,800.00	 	2,52,618.33
9 Dec 2025 	9 Dec 2025 	TO CLEARING-Chq 209466 Sess 4 ASHOK KUMAR BARIK     0003292210--209466	 / 209466	40743	7,000.00	 	2,45,618.33
9 Dec 2025 	9 Dec 2025 	TO CLEARING-Chq 209468 Sess 4 ASHOK KUMAR BARIK     0003292211--209468	 / 209468	40743	15,000.00	 	2,30,618.33
9 Dec 2025 	9 Dec 2025 	TO CLEARING-Chq 209467 Sess 5 Mr SUBODH  PRADHAN    0003306055--209467	 / 209467	40743	3,000.00	 	2,27,618.33
10 Dec 2025 	10 Dec 2025 	TO CLEARING-Chq 209470 Sess 6 SMITHA T              0003422107--209470	 / 209470	40743	31,600.00	 	1,96,018.33
11 Dec 2025 	11 Dec 2025 	TO CLEARING-Chq 209474 Sess 6 OM SAI ENTERPRISES    0003513882--209474	 / 209474	40743	6,600.00	 	1,89,418.33
12 Dec 2025 	12 Dec 2025 	TO CLEARING-Chq 209476 Sess 2 MUNIREDDY A           0003535270--209476	 / 209476	40743	21,800.00	 	1,67,618.33
12 Dec 2025 	12 Dec 2025 	   BY TRANSFER-NEFT*YESB0000001*YESAP53465283281*Nobroker Technol--	TRANSFER FROM 99509044300 / 	4430	 	6,231.00	1,73,849.33
12 Dec 2025 	12 Dec 2025 	TO CLEARING-Chq 209479 Sess 6 RAVI                  0003611646--209479	 / 209479	40743	13,000.00	 	1,60,849.33
14 Dec 2025 	14 Dec 2025 	   BY TRANSFER-UPI/CR/213220802500/ARADHANA/HDFC/9167688966/G14 M--	TRANSFER FROM 4897732162091 / 	32295	 	7,366.24	1,68,215.57
14 Dec 2025 	14 Dec 2025 	   BY TRANSFER-NEFT*HDFC0000001*HDFCH00674710674*RENU R*BATCHID:0--	TRANSFER FROM 99509044300 / 	4430	 	7,064.00	1,75,279.57
15 Dec 2025 	15 Dec 2025 	CHEQUE WDL-D RAJU--209472	TRANSFER FROM 32430881220                         Mr. D  RAJU / 209472	32295	10,300.00	 	1,64,979.57
15 Dec 2025 	15 Dec 2025 	   BY TRANSFER-INB Maintenance charges--	IT0ACCDED6               TRANSFER FROM 10458393278                         Mr. MAJ PRASENJIT CHAK / 	99922	 	6,980.33	1,71,959.90
15 Dec 2025 	15 Dec 2025 	   BY TRANSFER-NEFT*HDFC0000001*HDFCH00677158945*N GEETHA*BATCHID--	TRANSFER FROM 99509044300 / 	4430	 	6,604.00	1,78,563.90
15 Dec 2025 	15 Dec 2025 	   BY TRANSFER-IMPS/534921187981/ICI-XX312-SHAILESH/F1Mainten--	TRANSFER FROM 4698302162091 / 	16209	 	13,099.00	1,91,662.90
16 Dec 2025 	16 Dec 2025 	   BY TRANSFER-NEFT*HDFC0000001*HDFCH00677755130*MANISHA GHOSHAL*--	TRANSFER FROM 99509044300 / 	4430	 	7,315.00	1,98,977.90
16 Dec 2025 	16 Dec 2025 	   BY TRANSFER-UPI/CR/971391726836/SREEJITH/HDFC/9591059862/Payme--	TRANSFER FROM 4897734162099 / 	1	 	7,529.00	2,06,506.90
17 Dec 2025 	17 Dec 2025 	   BY TRANSFER-NEFT*ICIC0SF0002*IN12535114237415*DEVENDRA SINGH R--	TRANSFER FROM 99509044300 / 	4430	 	7,026.00	2,13,532.90
17 Dec 2025 	17 Dec 2025 	   BY TRANSFER-NEFT*YESB0000001*YESAP53514960764*Nobroker Technol--	TRANSFER FROM 99509044300 / 	4430	 	6,114.00	2,19,646.90
17 Dec 2025 	17 Dec 2025 	   BY TRANSFER-UPI/CR/571743559959/HARSHITA/ICIC/haporwal97/T3 MA--	TRANSFER FROM 4897735162098 / 	32295	 	6,851.00	2,26,497.90
17 Dec 2025 	17 Dec 2025 	TO CLEARING-Chq 209475 Sess 2 ASSISTANT EXECUTIVE E 0003842812--209475	 / 209475	40743	29,632.00	 	1,96,865.90
17 Dec 2025 	17 Dec 2025 	   BY TRANSFER-INB T1 Prashant--	IT0ACCMVM9               TRANSFER FROM 20071385409                         Mr. PRASHANT  SIKDAR / 	99922	 	7,786.00	2,04,651.90
17 Dec 2025 	17 Dec 2025 	TO CLEARING-Chq 209469 Sess 5 SMARTERHOMES TECHNOLO 0003905976--209469	 / 209469	40743	26,272.00	 	1,78,379.90
17 Dec 2025 	17 Dec 2025 	   BY TRANSFER-NEFT*YESB0000001*YESAP53515884661*Nobroker Technol--	TRANSFER FROM 99509044300 / 	4430	 	6,231.00	1,84,610.90
18 Dec 2025 	18 Dec 2025 	TO CLEARING-Chq 209454 Sess 3 KONE ELEVATOR INDIA P 0003944427--209454	 / 209454	40743	83,398.00	 	1,01,212.90
18 Dec 2025 	18 Dec 2025 	   BY TRANSFER-UPI/CR/115821667893/RICHA SI/HDFC/richasingh/UPI--	TRANSFER FROM 4897736162097 / 	32295	 	7,920.16	1,09,133.06
20 Dec 2025 	20 Dec 2025 	   BY TRANSFER-UPI/CR/115925179365/HARSH VA/HDFC/harshvardh/Maint--	TRANSFER FROM 4897738162095 / 	32295	 	6,883.00	1,16,016.06
21 Dec 2025 	21 Dec 2025 	   BY TRANSFER-NEFT*ICIC0SF0002*IN12535414714461*SURENDRANATH BEH--	TRANSFER FROM 99509044300 / 	4430	 	7,245.47	1,23,261.53
21 Dec 2025 	21 Dec 2025 	   BY TRANSFER-UPI/CR/084544849792/MAHESH K/HDFC/8884596085/FlatS--	TRANSFER FROM 4897732162091 / 	1	 	6,845.00	1,30,106.53
21 Dec 2025 	21 Dec 2025 	   BY TRANSFER-NEFT*YESB0000001*YESAP53555851231*Nobroker Technol--	TRANSFER FROM 99509044300 / 	4430	 	6,114.00	1,36,220.53
21 Dec 2025 	21 Dec 2025 	   BY TRANSFER-UPI/CR/452563073470/MYTHILI /UCBA/9632140808/Payme--	TRANSFER FROM 4897732162091 / 	1	 	7,714.61	1,43,935.14
21 Dec 2025 	21 Dec 2025 	   BY TRANSFER-IMPS/535523983230/boi-XX036-VAISHNAV/UAMBMaint--	TRANSFER FROM 4698333162095 / 	16209	 	7,060.12	1,50,995.26
22 Dec 2025 	22 Dec 2025 	   BY TRANSFER-NEFT*ICIC0SF0002*IN12535614812004*PAWAN SUBHASH*BA--	TRANSFER FROM 99509044300 / 	4430	 	7,602.00	1,58,597.26
22 Dec 2025 	22 Dec 2025 	   BY TRANSFER-UPI/CR/394181241856/SOUMYA K/BARB/9910657374/Nov m--	TRANSFER FROM 4897733162090 / 	539	 	7,638.43	1,66,235.69
22 Dec 2025 	22 Dec 2025 	   BY TRANSFER-UPI/CR/721050283073/VINUTHNA/ICIC/vinuthnasi/Nov m--	TRANSFER FROM 4897733162090 / 	1	 	7,045.00	1,73,280.69
22 Dec 2025 	22 Dec 2025 	   BY TRANSFER-NEFT*UTIB0005157*AXOIR35600912712*VIMAL N K*BATCHI--	TRANSFER FROM 99509044300 / 	4430	 	7,303.00	1,80,583.69
23 Dec 2025 	23 Dec 2025 	   BY TRANSFER-NEFT*HDFC0000001*HDFCH00688812992*ASHWIN PANDITH*B--	TRANSFER FROM 99509044300 / 	4430	 	8,026.00	1,88,609.69
23 Dec 2025 	23 Dec 2025 	   BY TRANSFER-UPI/CR/116059406581/ANMOL VE/HDFC/anmolverma/maint--	TRANSFER FROM 4897734162099 / 	32295	 	7,087.29	1,95,696.98
24 Dec 2025 	24 Dec 2025 	   BY TRANSFER-UPI/CR/535868498734/HARISH B/ICIC/harishb80@/UPI--	TRANSFER FROM 4897735162098 / 	32295	 	6,546.00	2,02,242.98
24 Dec 2025 	24 Dec 2025 	   BY TRANSFER-IMPS/535810298861/ICI-XX379-KASIBHAT/G2 Mainte--	TRANSFER FROM 4698313162099 / 	16209	 	8,220.40	2,10,463.38
24 Dec 2025 	24 Dec 2025 	   BY TRANSFER-NEFT*DEUT0784PBC*DEUTN25358771324*SHYAM SANKARANAR--	TRANSFER FROM 99509044300 / 	4430	 	7,936.00	2,18,399.38
24 Dec 2025 	24 Dec 2025 	   BY TRANSFER-NEFT*HDFC0000001*HDFCH00692686827*BALAKRISHNAN KRI--	TRANSFER FROM 99509044300 / 	4430	 	7,369.00	2,25,768.38
27 Dec 2025 	27 Dec 2025 	   BY TRANSFER-UPI/CR/980984932334/VAMSIDHA/ICIC/9900181705/T10 N--	TRANSFER FROM 4897738162095 / 	1	 	7,323.00	2,33,091.38
27 Dec 2025 	27 Dec 2025 	   BY TRANSFER-UPI/CR/113152478966/KEERTHIV/SBIN/7775051267/S11 D--	TRANSFER FROM 4897738162095 / 	32295	 	7,274.00	2,40,365.38
27 Dec 2025 	27 Dec 2025 	   BY TRANSFER-UPI/CR/116246948235/PULKIT G/HDFC/pulkitgupt/F5 Ma--	TRANSFER FROM 4897738162095 / 	32295	 	7,069.00	2,47,434.38
27 Dec 2025 	27 Dec 2025 	   BY TRANSFER-NEFT*YESB0000001*YESAP53615259285*Nobroker Technol--	TRANSFER FROM 99509044300 / 	4430	 	6,231.00	2,53,665.38
27 Dec 2025 	27 Dec 2025 	   BY TRANSFER-NEFT*YESB0000001*YESAP53615395995*Nobroker Technol--	TRANSFER FROM 99509044300 / 	4430	 	6,231.00	2,59,896.38
27 Dec 2025 	27 Dec 2025 	   BY TRANSFER-IMPS/536113115538/ICI-XX621-MOHIT DA/G6 SEPT T--	TRANSFER FROM 4698328162092 / 	16209	 	18,215.00	2,78,111.38
27 Dec 2025 	27 Dec 2025 	   BY TRANSFER-NEFT*UTIB0005157*AXOMB36102051884*A IRUDAYARAJ ALW--	TRANSFER FROM 99509044300 / 	4430	 	7,947.89	2,86,059.27
27 Dec 2025 	27 Dec 2025 	   BY TRANSFER-NEFT*YESB0000001*YESAP53615477252*Nobroker Technol--	TRANSFER FROM 99509044300 / 	4430	 	6,114.00	2,92,173.27
27 Dec 2025 	27 Dec 2025 	   BY TRANSFER-INB FlatF13MaintenanceNov2025--	IT0ACEEQX4               TRANSFER FROM 10421889519                         Mrs. RAMA DEVI S / 	99922	 	7,153.67	2,99,326.94
27 Dec 2025 	27 Dec 2025 	   BY TRANSFER-INB FlatS13MainteannceNov2025--	IT0ACEERA2               TRANSFER FROM 10421889519                         Mrs. RAMA DEVI S / 	99922	 	6,935.98	3,06,262.92
27 Dec 2025 	27 Dec 2025 	   BY TRANSFER-SBIY225361153622987876555/P/FlatF13MaintenanceOct2--	TRANSFER FROM 10421889519                         Mrs. RAMA DEVI S / 	80150	 	6,231.00	3,12,493.92
27 Dec 2025 	27 Dec 2025 	   BY TRANSFER-SBIY225361154244078725887/P/FlatS13MaintenanceOct2--	TRANSFER FROM 10421889519                         Mrs. RAMA DEVI S / 	80150	 	6,231.00	3,18,724.92
27 Dec 2025 	27 Dec 2025 	   BY TRANSFER-INB f16maintdec2025--	IT0ACEFVJ6               TRANSFER FROM 10209808020                         Mrs. SREEJA  SUDHARMA / 	99922	 	7,879.33	3,26,604.25
28 Dec 2025 	28 Dec 2025 	   BY TRANSFER-NEFT*UTIB0000423*AXOMB36202057683*IYER GANESH BALA--	TRANSFER FROM 99509044300 / 	4430	 	6,928.00	3,33,532.25
28 Dec 2025 	28 Dec 2025 	   BY TRANSFER-NEFT*UTIB0000333*AXOMB36202065701*SAOVIK MONDAL*BA--	TRANSFER FROM 99509044300 / 	4430	 	6,798.85	3,40,331.10
28 Dec 2025 	28 Dec 2025 	   BY TRANSFER-UPI/CR/108858773326/VINYAS R/ICIC/1551358457/UPI P--	TRANSFER FROM 4897732162091 / 	32295	 	6,643.62	3,46,974.72
30 Dec 2025 	30 Dec 2025 	TO CLEARING-Chq 209480 Sess 3 NOBROKER TECHNOLOGIES 0004655441--209480	 / 209480	40743	2,500.00	 	3,44,474.72
30 Dec 2025 	30 Dec 2025 	TO CLEARING-Chq 209471 Sess 5 DIFESA SECURITY SERVI 0004686484--209471	 / 209471	40743	1,51,040.00	 	1,93,434.72

**This is a computer generated statement and does not require a signature