Account Name       :                	MANA PRISTINE FLAT OWNERS WELFARE ASSOCIATION               
Address            :	SURVEY NO 31/38/6 DODDAKANNALLI VILLAGE OFF SARJAPUR ROAD BANGALORE 560035
                                    	Bangalore
                                    	29-560035
                                    	India
Date               :                	5 Apr 2026
Account Number     :	_00000033001215401
Branch             :	KASAVANAHALLI
Interest Rate(% p.a.):	0.0
IFS Code                      	SBIN0032295
Account Type                  	Current Account
MOD Balance      :	_0.00
CIF No.          :	_86725625341
MICR Code        :	_560002296
Drawing Power      :	0.00
Balance on 1 Feb 2026        :	4,04,944.30
Start Date          :	1 Feb 2026 
End Date            :	28 Feb 2026 
Txn Date	Value Date	Description	Ref No./Cheque No.	Branch Code	        Debit	Credit	Balance	
1 Feb 2026 	1 Feb 2026 	   BY TRANSFER-NEFT*UTIB0005157*AXOIR03200912550*SAMRAT KAR*BATCH--	TRANSFER FROM 99509044300 / 	4430	 	6,000.00	4,10,944.30
1 Feb 2026 	1 Feb 2026 	   BY TRANSFER-IMPS/603214557851/ICI-XX284-JAVED NA/December--	TRANSFER FROM 4698333162095 / 	16209	 	5,809.25	4,16,753.55
1 Feb 2026 	1 Feb 2026 	   BY TRANSFER-UPI/CR/118016508838/ANKUR KU/HDFC/agarwalank/G9 De--	TRANSFER FROM 4897738162095 / 	32295	 	5,686.00	4,22,439.55
2 Feb 2026 	2 Feb 2026 	   BY TRANSFER-NEFT*HDFC0000001*HDFCH00773305382*JEYARANI JEGANAT--	TRANSFER FROM 99509044300 / 	4430	 	1,489.00	4,23,928.55
2 Feb 2026 	2 Feb 2026 	   BY TRANSFER-NEFT*UTIB0000423*AXOMB03302075651*IYER GANESH BALA--	TRANSFER FROM 99509044300 / 	4430	 	4,920.00	4,28,848.55
2 Feb 2026 	2 Feb 2026 	   BY TRANSFER-IMPS/603312473932/ICI-XX184-RESHMA  /Rent--	TRANSFER FROM 4698302162091 / 	16209	 	12,000.00	4,40,848.55
2 Feb 2026 	2 Feb 2026 	   BY TRANSFER-UPI/CR/639912694735/TREVOR R/ICIC/trevorrodr/UPI--	TRANSFER FROM 4897732162091 / 	32295	 	5,781.00	4,46,629.55
3 Feb 2026 	3 Feb 2026 	   BY TRANSFER-IMPS/603445729658/axb-XX665-PRINCERI/IMPS--	TRANSFER FROM 4698308162095 / 	16209	 	5,350.00	4,51,979.55
3 Feb 2026 	3 Feb 2026 	TO CLEARING-Chq 209489 Sess 4 DIFESA SECURITY SERVI 0007080544--209489	 / 209489	40743	1,51,040.00	 	3,00,939.55
4 Feb 2026 	4 Feb 2026 	   BY TRANSFER-SBIY226035161258868020680/P/FlatS13MaintenanceDec2--	TRANSFER FROM 10421889519                         Mrs. RAMA DEVI S / 	80150	 	5,025.21	3,05,964.76
4 Feb 2026 	4 Feb 2026 	   BY TRANSFER-SBIY226035161415550458655/P/FlatF13MaintenanceDec2--	TRANSFER FROM 10421889519                         Mrs. RAMA DEVI S / 	80150	 	5,123.20	3,11,087.96
4 Feb 2026 	4 Feb 2026 	TO CLEARING-Chq 209488 Sess 6 OM SAI ENTERPRISES    0007212539--209488	 / 209488	40743	6,600.00	 	3,04,487.96
6 Feb 2026 	6 Feb 2026 	TO CLEARING-Chq 209495 Sess 2 KONE ELEVATOR INDIA P 0007328944--209495	 / 209495	40743	87,990.00	 	2,16,497.96
7 Feb 2026 	7 Feb 2026 	   BY TRANSFER-NEFT*UTIB0001544*AXOIR03800905799*J JYOTHI*BATCHID--	TRANSFER FROM 99509044300 / 	4430	 	5,541.00	2,22,038.96
8 Feb 2026 	8 Feb 2026 	   BY TRANSFER-NEFT*HDFC0000001*HDFCH00791445176*MANISHA GHOSHAL*--	TRANSFER FROM 99509044300 / 	4430	 	463.00	2,22,501.96
11 Feb 2026 	11 Feb 2026 	TO CLEARING-Chq 209497 Sess 4 SHREE OFFICE PLANET   0007724955--209497	 / 209497	40743	3,127.00	 	2,19,374.96
11 Feb 2026 	11 Feb 2026 	TO CLEARING-Chq 209496 Sess 4 SHREE OFFICE PLANET   0007724952--209496	 / 209496	40743	3,198.00	 	2,16,176.96
12 Feb 2026 	12 Feb 2026 	CHEQUE WDL-CHEQUE TRANSFER TO--209506	TRANSFER FROM 32430881220                         Mr. D  RAJU / 209506	32295	8,500.00	 	2,07,676.96
12 Feb 2026 	12 Feb 2026 	CHEQUE WDL-CHEQUE TRANSFER TO--209498	TRANSFER FROM 32430881220                         Mr. D  RAJU / 209498	32295	17,000.00	 	1,90,676.96
12 Feb 2026 	12 Feb 2026 	CHEQUE WDL-CHEQUE TRANSFER TO--209499	TRANSFER FROM 32430881220                         Mr. D  RAJU / 209499	32295	3,300.00	 	1,87,376.96
12 Feb 2026 	12 Feb 2026 	CASH CHEQUE-PAID TO GIRIBABU R--209508	 / 209508	32295	10,000.00	 	1,77,376.96
15 Feb 2026 	15 Feb 2026 	   BY TRANSFER-UPI/CR/118712547076/PULKIT G/HDFC/pulkitgupt/F5 Ma--	TRANSFER FROM 4897738162095 / 	32295	 	5,161.00	1,82,537.96
15 Feb 2026 	15 Feb 2026 	   BY TRANSFER-UPI/CR/604614539716/HARSHITA/HDFC/haporwal97/T3  J--	TRANSFER FROM 4897738162095 / 	32295	 	5,427.00	1,87,964.96
15 Feb 2026 	15 Feb 2026 	   BY TRANSFER-UPI/CR/604694103049/MADHUSOO/ICIC/madhusooda/for T--	TRANSFER FROM 4897738162095 / 	32295	 	5,387.00	1,93,351.96
15 Feb 2026 	15 Feb 2026 	   BY TRANSFER-NEFT*HDFC0000001*HDFCH00806593564*RENU R*BATCHID:0--	TRANSFER FROM 99509044300 / 	4430	 	5,176.00	1,98,527.96
15 Feb 2026 	15 Feb 2026 	   BY TRANSFER-NEFT*HDFC0000001*HDFCH00806610858*MANISHA GHOSHAL*--	TRANSFER FROM 99509044300 / 	4430	 	4,752.00	2,03,279.96
16 Feb 2026 	16 Feb 2026 	   BY TRANSFER-SBIY226047091802784797325/P/Maintenance Charges--	TRANSFER FROM 10458393278                         Mr. MAJ PRASENJIT CHAK / 	80150	 	4,982.00	2,08,261.96
16 Feb 2026 	16 Feb 2026 	   BY TRANSFER-UPI/CR/497251599360/SREEJITH/UTIB/9591059862/Payme--	TRANSFER FROM 4897732162091 / 	1	 	6,153.00	2,14,414.96
16 Feb 2026 	16 Feb 2026 	TO CLEARING-Chq 209504 Sess 6 SMITHA T              0008013155--209504	 / 209504	40743	31,600.00	 	1,82,814.96
16 Feb 2026 	16 Feb 2026 	   BY TRANSFER-NEFT*HDFC0000001*HDFCH00808384690*N GEETHA*BATCHID--	TRANSFER FROM 99509044300 / 	4430	 	4,778.00	1,87,592.96
17 Feb 2026 	17 Feb 2026 	TO CLEARING-Chq 209501 Sess 5 Mr SUBODH  PRADHAN    0008145692--209501	 / 209501	40743	3,000.00	 	1,84,592.96
17 Feb 2026 	17 Feb 2026 	TO CLEARING-Chq 209485 Sess 5 Mr SUBODH  PRADHAN    0008145689--209485	 / 209485	40743	3,000.00	 	1,81,592.96
17 Feb 2026 	17 Feb 2026 	   BY TRANSFER-UPI/CR/118787367149/RICHA SI/HDFC/richasingh/G10 J--	TRANSFER FROM 4897733162090 / 	32295	 	5,380.00	1,86,972.96
18 Feb 2026 	18 Feb 2026 	   BY TRANSFER-UPI/CR/143670167484/NALLUSAM/ICIC/9363633430/Payme--	TRANSFER FROM 4897734162099 / 	1	 	5,281.00	1,92,253.96
18 Feb 2026 	18 Feb 2026 	   BY TRANSFER-NEFT*HDFC0000001*HDFCH00811031294*ASHWIN PANDITH*B--	TRANSFER FROM 99509044300 / 	4430	 	6,288.00	1,98,541.96
18 Feb 2026 	18 Feb 2026 	   BY TRANSFER-UPI/CR/133937822874/ARADHANA/HDFC/9167688966/G14 m--	TRANSFER FROM 4897734162099 / 	32295	 	5,591.00	2,04,132.96
19 Feb 2026 	19 Feb 2026 	   BY TRANSFER-NEFT*ICIC0SF0002*IN12605024320556*DEVENDRA SINGH R--	TRANSFER FROM 99509044300 / 	4430	 	5,100.00	2,09,232.96
19 Feb 2026 	19 Feb 2026 	   BY TRANSFER-UPI/CR/118872862023/RANJITH /HDFC/foreverran/G8 ma--	TRANSFER FROM 4897735162098 / 	32295	 	5,198.00	2,14,430.96
20 Feb 2026 	20 Feb 2026 	TO CLEARING-Chq 209507 Sess 6 MUNIREDDY A           0008442796--209507	 / 209507	40743	23,000.00	 	1,91,430.96
21 Feb 2026 	21 Feb 2026 	   BY TRANSFER-INB Rent--	IT0ACIURW5               TRANSFER FROM 30052657654                         Mr. HEMANT B  PATEL / 	99922	 	5,478.00	1,96,908.96
21 Feb 2026 	21 Feb 2026 	TO CLEARING-Chq 209510 Sess 2 ASSISTANT EXECUTIVE E 0008455322--209510	 / 209510	40743	30,667.00	 	1,66,241.96
21 Feb 2026 	21 Feb 2026 	   BY TRANSFER-UPI/CR/118958577518/ABHISHEK G/HDFC/abhishek.h/S5--	TRANSFER FROM 4897737162096 / 	32295	 	4,892.00	1,71,133.96
21 Feb 2026 	21 Feb 2026 	   BY TRANSFER-UPI/CR/605248615672/ANMOL VE/HDFC/anmolverma/T9 ma--	TRANSFER FROM 4897737162096 / 	32295	 	5,508.00	1,76,641.96
21 Feb 2026 	21 Feb 2026 	   BY TRANSFER-SBIY226052201524340355100/P/T1 Prashant--	TRANSFER FROM 20071385409                         Mr. PRASHANT  SIKDAR / 	80150	 	6,050.00	1,82,691.96
21 Feb 2026 	21 Feb 2026 	   BY TRANSFER-IMPS/605226220001/RE1-XX196-ABHISHEK/G5 Mainte--	TRANSFER FROM 4698328162092 / 	16209	 	27,000.00	2,09,691.96
22 Feb 2026 	22 Feb 2026 	   BY TRANSFER-IMPS/605223258506/ICI-XX017-SURENDRA/S1SNBJAN--	TRANSFER FROM 4698328162092 / 	16209	 	4,894.00	2,14,585.96
22 Feb 2026 	22 Feb 2026 	   BY TRANSFER-UPI/CR/109243238708/VINYAS R/ICIC/1551358457/T 7 J--	TRANSFER FROM 4897738162095 / 	32295	 	5,312.00	2,19,897.96
23 Feb 2026 	23 Feb 2026 	TO CLEARING-Chq 209511 Sess 5 SMARTERHOMES TECHNOLO 0008561488--209511	 / 209511	40743	26,272.00	 	1,93,625.96
25 Feb 2026 	25 Feb 2026 	   BY TRANSFER-IMPS/605610778780/ICI-XX379-KASIBHAT/G2 Mainte--	TRANSFER FROM 4698313162099 / 	16209	 	5,817.00	1,99,442.96
25 Feb 2026 	25 Feb 2026 	   BY TRANSFER-IMPS/605618872754/ICI-XX312-SHAILESH/IMPS Tran--	TRANSFER FROM 4698313162099 / 	16209	 	5,108.00	2,04,550.96
25 Feb 2026 	25 Feb 2026 	   BY TRANSFER-NEFT*ICIC0SF0002*IN12605625007182*PAWAN SUBHASH*BA--	TRANSFER FROM 99509044300 / 	4430	 	5,520.00	2,10,070.96
26 Feb 2026 	26 Feb 2026 	TO CLEARING-ANJANDARI CREDIT CO OPERA--209500	 / 209500	40743	7,000.00	 	2,03,070.96
26 Feb 2026 	26 Feb 2026 	   BY TRANSFER-NEFT*HDFC0000001*HDFCH00826041442*BALAKRISHNAN KRI--	TRANSFER FROM 99509044300 / 	4430	 	5,787.00	2,08,857.96
27 Feb 2026 	27 Feb 2026 	   BY TRANSFER-UPI/CR/605883235512/HARISH B/ICIC/harishb80@/S7 Ja--	TRANSFER FROM 4897736162097 / 	32295	 	5,272.00	2,14,129.96
27 Feb 2026 	27 Feb 2026 	   BY TRANSFER-NEFT*KKBK0000958*KKBKH26058868091*VVIRAL SHAH*BATC--	TRANSFER FROM 99509044300 / 	4430	 	5,101.00	2,19,230.96
27 Feb 2026 	27 Feb 2026 	   BY TRANSFER-UPI/CR/119239583347/HARSH VA/HDFC/harshvardh/F9 Ja--	TRANSFER FROM 4897736162097 / 	32295	 	5,041.00	2,24,271.96
28 Feb 2026 	28 Feb 2026 	   BY TRANSFER-UPI/CR/665646251067/MAHESH K/HDFC/8884596085/FlatS--	TRANSFER FROM 4897737162096 / 	1	 	5,298.00	2,29,569.96
28 Feb 2026 	28 Feb 2026 	   BY TRANSFER-UPI/CR/600092978652/SOUMYA K/BARB/9910657374/F15 j--	TRANSFER FROM 4897737162096 / 	539	 	5,912.00	2,35,481.96
28 Feb 2026 	28 Feb 2026 	   BY TRANSFER-IMPS/605935812468/axb-XX747-GANESANM/G16DuesJa--	TRANSFER FROM 4698328162092 / 	16209	 	5,143.00	2,40,624.96
28 Feb 2026 	28 Feb 2026 	   BY TRANSFER-UPI/CR/212134950230/MRKEERTH/SCBL/7775051267/S 11--	TRANSFER FROM 4897737162096 / 	32295	 	5,070.00	2,45,694.96

**This is a computer generated statement and does not require a signature