Account Name       :                	MANA PRISTINE FLAT OWNERS WELFARE ASSOCIATION               
Address            :	SURVEY NO 31/38/6 DODDAKANNALLI VILLAGE OFF SARJAPUR ROAD BANGALORE 560035
                                    	Bangalore
                                    	29-560035
                                    	India
Date               :                	5 Apr 2026
Account Number     :	_00000033001215401
Branch             :	KASAVANAHALLI
Interest Rate(% p.a.):	0.0
IFS Code                      	SBIN0032295
Account Type                  	Current Account
MOD Balance      :	_0.00
CIF No.          :	_86725625341
MICR Code        :	_560002296
Drawing Power      :	0.00
Balance on 1 Jan 2026        :	1,93,434.72
Start Date          :	1 Jan 2026 
End Date            :	31 Jan 2026 
Txn Date	Value Date	Description	Ref No./Cheque No.	Branch Code	        Debit	Credit	Balance	
1 Jan 2026 	1 Jan 2026 	   BY TRANSFER-NEFT*UTIB0005157*AXOIR00100912235*SAMRAT KAR*BATCH--	TRANSFER FROM 99509044300 / 	4430	 	6,000.00	1,99,434.72
2 Jan 2026 	2 Jan 2026 	   BY TRANSFER-UPI/CR/447624815315/PRINCE R/UTIB/7760487323/Payme--	TRANSFER FROM 4897737162096 / 	1	 	6,888.00	2,06,322.72
2 Jan 2026 	2 Jan 2026 	   BY TRANSFER-NEFT*KKBK0000958*KKBKH26002941781*VVIRAL SHAH*BATC--	TRANSFER FROM 99509044300 / 	4430	 	7,074.94	2,13,397.66
2 Jan 2026 	2 Jan 2026 	   BY TRANSFER-IMPS/600230698796/axb-XX747-GANESANM/G16NOV202--	TRANSFER FROM 4698323162097 / 	16209	 	6,837.73	2,20,235.39
6 Jan 2026 	6 Jan 2026 	   BY TRANSFER-IMPS/600619482655/ICI-XX184-RESHMA  /Rent--	TRANSFER FROM 4698308162095 / 	16209	 	12,000.00	2,32,235.39
7 Jan 2026 	7 Jan 2026 	   BY TRANSFER-NEFT*HDFC0000001*HDFCH00722921402*JEYARANI JEGANAT--	TRANSFER FROM 99509044300 / 	4430	 	5,556.00	2,37,791.39
10 Jan 2026 	10 Jan 2026 	   BY TRANSFER-UPI/CR/116995654852/ANKUR KU/HDFC/agarwalank/G9 No--	TRANSFER FROM 4897737162096 / 	32295	 	7,111.00	2,44,902.39
11 Jan 2026 	11 Jan 2026 	   BY TRANSFER-NEFT*UTIB0001544*AXOIR01100907378*J JYOTHI*BATCHID--	TRANSFER FROM 99509044300 / 	4430	 	7,235.64	2,52,138.03
12 Jan 2026 	12 Jan 2026 	CHEQUE WDL-D RAJU--209482	TRANSFER FROM 32430881220                         Mr. D  RAJU / 209482	32295	3,300.00	 	2,48,838.03
12 Jan 2026 	12 Jan 2026 	CHEQUE WDL-D RAJU--209481	TRANSFER FROM 32430881220                         Mr. D  RAJU / 209481	32295	17,000.00	 	2,31,838.03
12 Jan 2026 	12 Jan 2026 	CASH CHEQUE-CASH WITHDRAWAL BY CHQ--209490	 / 209490	32295	10,000.00	 	2,21,838.03
14 Jan 2026 	14 Jan 2026 	   BY TRANSFER-NEFT*YESB0000001*YESAP60145887307*Nobroker Technol--	TRANSFER FROM 99509044300 / 	4430	 	6,114.00	2,27,952.03
16 Jan 2026 	16 Jan 2026 	   BY TRANSFER-UPI/CR/117265435112/RANJITH /HDFC/foreverran/G8 ma--	TRANSFER FROM 4897736162097 / 	32295	 	20,517.00	2,48,469.03
17 Jan 2026 	17 Jan 2026 	   BY TRANSFER-NEFT*YESB0000001*YESAP60175065603*Nobroker Technol--	TRANSFER FROM 99509044300 / 	4430	 	6,231.00	2,54,700.03
17 Jan 2026 	17 Jan 2026 	   BY TRANSFER-UPI/CR/601761087592/PULKIT  /YESB/pulkitgupt/UPI--	TRANSFER FROM 4897737162096 / 	32295	 	5,340.41	2,60,040.44
17 Jan 2026 	17 Jan 2026 	   BY TRANSFER-UPI/CR/601793063119/HEMANT P/HDFC/hemant.pat/UPI--	TRANSFER FROM 4897737162096 / 	32295	 	5,438.00	2,65,478.44
17 Jan 2026 	17 Jan 2026 	   BY TRANSFER-SBIY226017132635400532463/P/T1 Prashant Dec 25--	TRANSFER FROM 20071385409                         Mr. PRASHANT  SIKDAR / 	80150	 	6,280.00	2,71,758.44
17 Jan 2026 	17 Jan 2026 	   BY TRANSFER-SBIY226017145939425980514/P/Bill Payment--	TRANSFER FROM 10458393278                         Mr. MAJ PRASENJIT CHAK / 	80150	 	4,977.41	2,76,735.85
17 Jan 2026 	17 Jan 2026 	   BY TRANSFER-IMPS/601720499937/ICI-XX621-MOHIT DA/IMPS Tran--	TRANSFER FROM 4698328162092 / 	16209	 	5,785.00	2,82,520.85
18 Jan 2026 	18 Jan 2026 	   BY TRANSFER-UPI/CR/235733613277/ARADHANA/HDFC/9167688966/Dec m--	TRANSFER FROM 4897737162096 / 	32295	 	6,004.73	2,88,525.58
18 Jan 2026 	18 Jan 2026 	   BY TRANSFER-UPI/CR/638451553690/HARSHITA/ICIC/haporwal97/T3 MA--	TRANSFER FROM 4897738162095 / 	32295	 	5,317.69	2,93,843.27
18 Jan 2026 	18 Jan 2026 	   BY TRANSFER-NEFT*ICIC0SF0002*IN12601819360285*DEVENDRA SINGH R--	TRANSFER FROM 99509044300 / 	4430	 	5,400.00	2,99,243.27
18 Jan 2026 	18 Jan 2026 	   BY TRANSFER-NEFT*HDFC0000001*HDFCH00746708943*RENU R*BATCHID:0--	TRANSFER FROM 99509044300 / 	4430	 	5,264.00	3,04,507.27
18 Jan 2026 	18 Jan 2026 	   BY TRANSFER-UPI/CR/068169724217/NALLUSAM/ICIC/9363633430/Payme--	TRANSFER FROM 4897738162095 / 	1	 	5,582.17	3,10,089.44
18 Jan 2026 	18 Jan 2026 	   BY TRANSFER-UPI/CR/060327564100/SREEJITH/HDFC/9591059862/Payme--	TRANSFER FROM 4897738162095 / 	1	 	6,937.00	3,17,026.44
19 Jan 2026 	19 Jan 2026 	   BY TRANSFER-NEFT*HDFC0000001*HDFCH00747282798*MANISHA GHOSHAL*--	TRANSFER FROM 99509044300 / 	4430	 	4,851.00	3,21,877.44
20 Jan 2026 	20 Jan 2026 	TO CLEARING-Chq 209494 Sess 6 RAVI                  0006167109--209494	 / 209494	40743	17,000.00	 	3,04,877.44
22 Jan 2026 	22 Jan 2026 	   BY TRANSFER-SBIY226022050330506595249/P/f16maintenancepaydec20--	TRANSFER FROM 10209808020                         Mrs. SREEJA  SUDHARMA / 	80150	 	6,624.70	3,11,502.14
22 Jan 2026 	22 Jan 2026 	   BY TRANSFER-UPI/CR/602277843501/MADHUSOO/ICIC/madhusooda/for T--	TRANSFER FROM 4897735162098 / 	32295	 	5,460.00	3,16,962.14
22 Jan 2026 	22 Jan 2026 	   BY TRANSFER-NEFT*HDFC0000001*HDFCH00753517700*N GEETHA*BATCHID--	TRANSFER FROM 99509044300 / 	4430	 	4,894.00	3,21,856.14
22 Jan 2026 	22 Jan 2026 	   BY TRANSFER-SBIY226022132845003981770/M/G13 Oct to Dec 2025--	TRANSFER FROM 20069779779                         Mr. AJAI  BALACHANDRAN / 	80150	 	22,000.00	3,43,856.14
23 Jan 2026 	23 Jan 2026 	   BY TRANSFER-UPI/CR/602363869918/SHANTANU/SBIN/7033090806/Sent--	TRANSFER FROM 4897736162097 / 	32295	 	26,087.00	3,69,943.14
23 Jan 2026 	23 Jan 2026 	   BY TRANSFER-UPI/CR/109042424700/VINYAS R/ICIC/1551358457/UPI P--	TRANSFER FROM 4897736162097 / 	32295	 	4,889.60	3,74,832.74
23 Jan 2026 	23 Jan 2026 	TO CLEARING-Chq 209486 Sess 4 ASSISTANT EXECUTIVE E 0006396276--209486	 / 209486	40743	28,784.00	 	3,46,048.74
25 Jan 2026 	25 Jan 2026 	   BY TRANSFER-NEFT*HDFC0000001*HDFCH00758337893*BALAKRISHNAN KRI--	TRANSFER FROM 99509044300 / 	4430	 	5,799.00	3,51,847.74
25 Jan 2026 	25 Jan 2026 	   BY TRANSFER-UPI/CR/395016735305/MANAS DA/ICIC/9818529716/Payme--	TRANSFER FROM 4897738162095 / 	1	 	6,329.00	3,58,176.74
26 Jan 2026 	26 Jan 2026 	   BY TRANSFER-UPI/CR/117719817552/RICHA SI/HDFC/richasingh/Dec m--	TRANSFER FROM 4897732162091 / 	32295	 	5,209.11	3,63,385.85
26 Jan 2026 	26 Jan 2026 	   BY TRANSFER-UPI/CR/174712319596/MAHESH K/HDFC/8884596085/FlatS--	TRANSFER FROM 4897732162091 / 	1	 	5,130.00	3,68,515.85
26 Jan 2026 	26 Jan 2026 	   BY TRANSFER-UPI/CR/639214035240/HARISH B/ICIC/harishb80@/UPI--	TRANSFER FROM 4897732162091 / 	32295	 	4,800.13	3,73,315.98
27 Jan 2026 	27 Jan 2026 	   BY TRANSFER-IMPS/602708048762/ICI-XX017-SURENDRA/S1SNBDEC--	TRANSFER FROM 4698308162095 / 	16209	 	5,192.32	3,78,508.30
27 Jan 2026 	27 Jan 2026 	TO CLEARING-Chq 209492 Sess 4 SMARTERHOMES TECHNOLO 0006482758--209492	 / 209492	40743	26,272.00	 	3,52,236.30
27 Jan 2026 	27 Jan 2026 	   BY TRANSFER-UPI/CR/204748777576/MRKEERTH/SCBL/7775051267/S11 D--	TRANSFER FROM 4897733162090 / 	32295	 	5,501.00	3,57,737.30
27 Jan 2026 	27 Jan 2026 	   BY TRANSFER-NEFT*ICIC0SF0002*IN12602720382871*SHAILESH SRIVAST--	TRANSFER FROM 99509044300 / 	4430	 	5,555.00	3,63,292.30
27 Jan 2026 	27 Jan 2026 	   BY TRANSFER-NEFT*ICIC0SF0002*IN12602720383856*PAWAN SUBHASH*BA--	TRANSFER FROM 99509044300 / 	4430	 	5,300.00	3,68,592.30
28 Jan 2026 	28 Jan 2026 	   BY TRANSFER-IMPS/602812519560/ICI-XX379-KASIBHAT/G2 Mainte--	TRANSFER FROM 4698313162099 / 	16209	 	5,627.68	3,74,219.98
28 Jan 2026 	28 Jan 2026 	   BY TRANSFER-UPI/CR/602824443354/ANMOL VE/HDFC/anmolverma/T9 ma--	TRANSFER FROM 4897734162099 / 	32295	 	5,455.40	3,79,675.38
28 Jan 2026 	28 Jan 2026 	   BY TRANSFER-NEFT*UTIB0005157*AXOIR02800910872*VIMAL N K*BATCHI--	TRANSFER FROM 99509044300 / 	4430	 	5,551.92	3,85,227.30
28 Jan 2026 	28 Jan 2026 	   BY TRANSFER-IMPS/602826110793/axb-XX747-GANESANM/G16DUESDE--	TRANSFER FROM 4698313162099 / 	16209	 	5,281.93	3,90,509.23
29 Jan 2026 	29 Jan 2026 	TO CLEARING-Chq 209487 Sess 2 SMITHA T              0006636368--209487	 / 209487	40743	31,600.00	 	3,58,909.23
29 Jan 2026 	29 Jan 2026 	TO CLEARING-Chq 209493 Sess 5 SARA SERVICES AHMA    0006689224--209493	 / 209493	40743	9,809.00	 	3,49,100.23
29 Jan 2026 	29 Jan 2026 	   BY TRANSFER-NEFT*UTIB0005157*AXOMB02902137710*A IRUDAYARAJ ALW--	TRANSFER FROM 99509044300 / 	4430	 	6,131.54	3,55,231.77
30 Jan 2026 	30 Jan 2026 	   BY TRANSFER-NEFT*UTIB0000333*AXOMB03002018302*SAOVIK MONDAL*BA--	TRANSFER FROM 99509044300 / 	4430	 	5,897.24	3,61,129.01
30 Jan 2026 	30 Jan 2026 	TO CLEARING-Chq 209484 Sess 4 GAJALAKSHMICREDITCO   0006802550--209484	 / 209484	40743	7,000.00	 	3,54,129.01
30 Jan 2026 	30 Jan 2026 	   BY TRANSFER-UPI/CR/117909580897/HARSH VA/HDFC/harshvardh/F9 De--	TRANSFER FROM 4897736162097 / 	32295	 	5,090.00	3,59,219.01
31 Jan 2026 	31 Jan 2026 	   BY TRANSFER-UPI/CR/396407849958/SOUMYA K/BARB/9910657374/F15 m--	TRANSFER FROM 4897737162096 / 	539	 	6,020.00	3,65,239.01
31 Jan 2026 	31 Jan 2026 	   BY TRANSFER-NEFT*HDFC0000001*HDFCH00769031527*ASHWIN PANDITH*B--	TRANSFER FROM 99509044300 / 	4430	 	6,500.00	3,71,739.01
31 Jan 2026 	31 Jan 2026 	   BY TRANSFER-NEFT*KKBK0000958*KKBKH26031958873*VVIRAL SHAH*BATC--	TRANSFER FROM 99509044300 / 	4430	 	5,140.87	3,76,879.88
31 Jan 2026 	31 Jan 2026 	   BY TRANSFER-UPI/CR/244234380316/FABIAN F/UTIB/fabian.fer/S14 N--	TRANSFER FROM 4897737162096 / 	32295	 	23,264.00	4,00,143.88
31 Jan 2026 	31 Jan 2026 	   BY TRANSFER-IMPS/603116105499/RE1-XX964-LALIT KU/T8MaintDe--	TRANSFER FROM 4698328162092 / 	16209	 	4,800.42	4,04,944.30

**This is a computer generated statement and does not require a signature