Account Name       :                	MANA PRISTINE FLAT OWNERS WELFARE ASSOCIATION               
Address            :	SURVEY NO 31/38/6 DODDAKANNALLI VILLAGE OFF SARJAPUR ROAD BANGALORE 560035
                                    	Bangalore
                                    	29-560035
                                    	India
Date               :                	30 Nov 2025
Account Number     :	_00000033001215401
Branch             :	KASAVANAHALLI
Interest Rate(% p.a.):	0.0
IFS Code                      	SBIN0032295
Account Type                  	Current Account
MOD Balance      :	_0.00
CIF No.          :	_86725625341
MICR Code        :	_560002296
Drawing Power      :	0.00
Balance on 1 Jul 2025        :	5,27,344.42
Start Date          :	1 Jul 2025 
End Date            :	31 Jul 2025 
Txn Date	Value Date	Description	Ref No./Cheque No.	Branch Code	        Debit	Credit	Balance	
1 Jul 2025 	1 Jul 2025 	   BY TRANSFER-NEFT*UTIB0000086*AXOIR18200913287*SAMRAT KAR*BATCH--	TRANSFER FROM 99509044300 / 	4430	 	6,000.00	5,33,344.42
3 Jul 2025 	3 Jul 2025 	   BY TRANSFER-IMPS/518426084834/RNB-XX301-Razorpay/FlatS15Ap--	TRANSFER FROM 4698318162094 / 	16209	 	5,440.00	5,38,784.42
3 Jul 2025 	3 Jul 2025 	   BY TRANSFER-IMPS/518428125139/RNB-XX301-Razorpay/FlatG07Ap--	TRANSFER FROM 4698318162094 / 	16209	 	4,083.00	5,42,867.42
4 Jul 2025 	4 Jul 2025 	TO CLEARING-Chq No. 710350 BOM   DIFESA SECURITY SERVICES--710350	 / 710350	40743	1,20,360.00	 	4,22,507.42
14 Jul 2025 	14 Jul 2025 	CHEQUE WDL-CHEQUE TRANSFER TO--710358	TRANSFER FROM 32430881220                         Mr. D  RAJU / 710358	32295	15,000.00	 	4,07,507.42
14 Jul 2025 	14 Jul 2025 	CHEQUE WDL-CHEQUE TRANSFER TO--710356	TRANSFER FROM 32430881220                         Mr. D  RAJU / 710356	32295	3,300.00	 	4,04,207.42
14 Jul 2025 	14 Jul 2025 	CASH CHEQUE-CASH WITHDRAWAL BY CHQ--710363	 / 710363	32295	20,000.00	 	3,84,207.42
16 Jul 2025 	16 Jul 2025 	   BY TRANSFER-NEFT*HDFC0000001*HDFCH00367059769*ASHWIN PANDITH*B--	TRANSFER FROM 99509044300 / 	4430	 	5,140.00	3,89,347.42
16 Jul 2025 	16 Jul 2025 	   BY TRANSFER-NEFT*HDFC0000001*HDFCH00367276902*MANISHA GHOSHAL*--	TRANSFER FROM 99509044300 / 	4430	 	4,273.00	3,93,620.42
16 Jul 2025 	16 Jul 2025 	   BY TRANSFER-IMPS/519726184242/RNB-XX301-Razorpay/FlatG11Ap--	TRANSFER FROM 4698313162099 / 	16209	 	4,541.00	3,98,161.42
16 Jul 2025 	16 Jul 2025 	   BY TRANSFER-IMPS/519725371531/RNB-XX301-Razorpay/FlatT09Ap--	TRANSFER FROM 4698313162099 / 	16209	 	5,329.00	4,03,490.42
16 Jul 2025 	16 Jul 2025 	   BY TRANSFER-IMPS/519725376148/RNB-XX301-Razorpay/FlatF08Ap--	TRANSFER FROM 4698313162099 / 	16209	 	4,291.00	4,07,781.42
17 Jul 2025 	17 Jul 2025 	   BY TRANSFER-IMPS/519826006619/RNB-XX301-Razorpay/FlatT11Ap--	TRANSFER FROM 4698318162094 / 	16209	 	4,585.00	4,12,366.42
17 Jul 2025 	17 Jul 2025 	   BY TRANSFER-NEFT*HDFC0000001*HDFCH00369573482*N GEETHA*BATCHID--	TRANSFER FROM 99509044300 / 	4430	 	4,584.00	4,16,950.42
17 Jul 2025 	17 Jul 2025 	   BY TRANSFER-IMPS/519828096072/RNB-XX301-Razorpay/FlatF15Ap--	TRANSFER FROM 4698318162094 / 	16209	 	5,712.00	4,22,662.42
17 Jul 2025 	17 Jul 2025 	   BY TRANSFER-IMPS/519813994991/ICI-XX621-MOHIT DA/G6 Mainte--	TRANSFER FROM 4698318162094 / 	16209	 	20,000.00	4,42,662.42
17 Jul 2025 	17 Jul 2025 	   BY TRANSFER-SBIYA25198202203481963570-G10 Jun mainte--	TRANSFER FROM 33028750866                         Mr. CIJO  JACOB / 	61034	 	5,062.00	4,47,724.42
18 Jul 2025 	18 Jul 2025 	TO CLEARING-Chq No. 710352 AXS   MUNIREDDY A--710352	 / 710352	40743	18,000.00	 	4,29,724.42
18 Jul 2025 	18 Jul 2025 	TO CLEARING-Chq No. 710351 AXS   OM SAI ENTERPRISES--710351	 / 710351	40743	6,600.00	 	4,23,124.42
18 Jul 2025 	18 Jul 2025 	TO CLEARING-Chq No. 710353 BOB   SMITHA T--710353	 / 710353	40743	31,600.00	 	3,91,524.42
18 Jul 2025 	18 Jul 2025 	TO CLEARING-Chq No. 710361 KOT   SMARTERHOMES TECHNOLOGIE--710361	 / 710361	40743	26,272.00	 	3,65,252.42
18 Jul 2025 	18 Jul 2025 	   BY TRANSFER-NEFT*ICIC0SF0002*ICIN119983403278*PAWAN SUBHASH*BA--	TRANSFER FROM 99509044300 / 	4430	 	5,000.00	3,70,252.42
18 Jul 2025 	18 Jul 2025 	   BY TRANSFER-UPI/CR/108327196818/ANKUR KU/HDFC/agarwalank/UPI--	TRANSFER FROM 4897737162096 / 	32295	 	5,203.00	3,75,455.42
18 Jul 2025 	18 Jul 2025 	   BY TRANSFER-NEFT*IDFB0010201*IDFBH25199564662*RAZORPAYX ESCROW--	TRANSFER FROM 99509044300 / 	4430	 	4,969.00	3,80,424.42
19 Jul 2025 	19 Jul 2025 	   BY TRANSFER-NEFT*ICIC0SF0002*ICIN120083422940*DEVENDRA SINGH R--	TRANSFER FROM 99509044300 / 	4430	 	4,475.00	3,84,899.42
19 Jul 2025 	19 Jul 2025 	   BY TRANSFER-NEFT*IDFB0010201*IDFBH25200595443*RAZORPAYX ESCROW--	TRANSFER FROM 99509044300 / 	4430	 	4,479.00	3,89,378.42
19 Jul 2025 	19 Jul 2025 	   BY TRANSFER-NEFT*IDFB0010201*IDFBH25200619134*RAZORPAYX ESCROW--	TRANSFER FROM 99509044300 / 	4430	 	4,700.00	3,94,078.42
19 Jul 2025 	19 Jul 2025 	   BY TRANSFER-IMPS/520084954779/axb-XX747-MGANESAN/G16DuesJu--	TRANSFER FROM 4698328162092 / 	16209	 	4,519.05	3,98,597.47
19 Jul 2025 	19 Jul 2025 	   BY TRANSFER-NEFT*IDFB0010201*IDFBH25200653197*RAZORPAYX ESCROW--	TRANSFER FROM 99509044300 / 	4430	 	4,962.00	4,03,559.47
19 Jul 2025 	19 Jul 2025 	   BY TRANSFER-NEFT*IDFB0010201*IDFBH25200732505*RAZORPAYX ESCROW--	TRANSFER FROM 99509044300 / 	4430	 	4,573.00	4,08,132.47
19 Jul 2025 	19 Jul 2025 	   BY TRANSFER-INB T1 Prashant--	IT0AAONPX2               TRANSFER FROM 20071385409                         Mr. PRASHANT  SIKDAR / 	99922	 	5,410.00	4,13,542.47
19 Jul 2025 	19 Jul 2025 	   BY TRANSFER-NEFT*ICIC0SF0002*ICIN120083450843*SURENDRANATH BEH--	TRANSFER FROM 99509044300 / 	4430	 	4,365.17	4,17,907.64
21 Jul 2025 	21 Jul 2025 	   BY TRANSFER-NEFT*IDFB0010201*IDFBH25202855221*RAZORPAYX ESCROW--	TRANSFER FROM 99509044300 / 	4430	 	5,119.00	4,23,026.64
21 Jul 2025 	21 Jul 2025 	   BY TRANSFER-INB maintenance charges--	IT0AAOTUJ0               TRANSFER FROM 10458393278                         Mr. MAJ PRASENJIT CHAK / 	99922	 	4,410.40	4,27,437.04
21 Jul 2025 	21 Jul 2025 	   BY TRANSFER-UPI/CR/520292081129/VINYAS R/ICIC/1551358457/T 7 J--	TRANSFER FROM 4897733162090 / 	32295	 	4,403.50	4,31,840.54
21 Jul 2025 	21 Jul 2025 	   BY TRANSFER-NEFT*UTIB0000086*AXOIR20200905704*VIMAL N K*BATCHI--	TRANSFER FROM 99509044300 / 	4430	 	5,050.91	4,36,891.45
21 Jul 2025 	21 Jul 2025 	   BY TRANSFER-NEFT*IDFB0010201*IDFBH25202890758*RAZORPAYX ESCROW--	TRANSFER FROM 99509044300 / 	4430	 	4,875.00	4,41,766.45
22 Jul 2025 	22 Jul 2025 	   BY TRANSFER-NEFT*IDFB0010201*IDFBH25203085185*RAZORPAYX ESCROW--	TRANSFER FROM 99509044300 / 	4430	 	4,516.00	4,46,282.45
22 Jul 2025 	22 Jul 2025 	   BY TRANSFER-IMPS/520312662877/ICI-XX379-KASIBHAT/G2 Mainte--	TRANSFER FROM 4698308162095 / 	16209	 	6,087.95	4,52,370.40
22 Jul 2025 	22 Jul 2025 	   BY TRANSFER-NEFT*IDFB0010201*IDFBH25203262366*RAZORPAYX ESCROW--	TRANSFER FROM 99509044300 / 	4430	 	5,391.00	4,57,761.40
22 Jul 2025 	22 Jul 2025 	   BY TRANSFER-UPI/CR/556914806686/HARSHITA/PUNB/haporwal97/T3 JU--	TRANSFER FROM 4897734162099 / 	32295	 	4,860.00	4,62,621.40
22 Jul 2025 	22 Jul 2025 	   BY TRANSFER-NEFT*IDFB0010201*IDFBH25203286570*RAZORPAYX ESCROW--	TRANSFER FROM 99509044300 / 	4430	 	5,000.00	4,67,621.40
23 Jul 2025 	23 Jul 2025 	TO CLEARING-Chq No. 710357 BOB   ASSISTANT EXECUTIVE ENGIN--710357	 / 710357	40743	27,969.00	 	4,39,652.40
23 Jul 2025 	23 Jul 2025 	   BY TRANSFER-NEFT*IDFB0010201*IDFBH25204311396*RAZORPAYX ESCROW--	TRANSFER FROM 99509044300 / 	4430	 	4,567.00	4,44,219.40
23 Jul 2025 	23 Jul 2025 	   BY TRANSFER-NEFT*HDFC0000001*HDFCH00380177936*BALAKRISHNAN KRI--	TRANSFER FROM 99509044300 / 	4430	 	5,120.00	4,49,339.40
24 Jul 2025 	24 Jul 2025 	TO CLEARING-Chq No. 710345 FBL   CHANDRAKUMARP--710345	 / 710345	40743	15,600.00	 	4,33,739.40
24 Jul 2025 	24 Jul 2025 	TO CLEARING-Chq No. 710354 FBL   CHANDRAKUMARP--710354	 / 710354	40743	18,000.00	 	4,15,739.40
24 Jul 2025 	24 Jul 2025 	TO CLEARING-Chq No. 710344 FBL   CHANDRAKUMARP--710344	 / 710344	40743	16,800.00	 	3,98,939.40
24 Jul 2025 	24 Jul 2025 	   BY TRANSFER-NEFT*IDFB0010201*IDFBH25205536660*RAZORPAYX ESCROW--	TRANSFER FROM 99509044300 / 	4430	 	4,378.00	4,03,317.40
25 Jul 2025 	25 Jul 2025 	   BY TRANSFER-IMPS/520614197421/ICI-XX184-RESHMA  /IMPS Tran--	TRANSFER FROM 4698323162097 / 	16209	 	12,000.00	4,15,317.40
25 Jul 2025 	25 Jul 2025 	   BY TRANSFER-UPI/CR/341936635553/VAMSIDHA/ICIC/9900181705/F5 Ju--	TRANSFER FROM 4897737162096 / 	1	 	323.00	4,15,640.40
25 Jul 2025 	25 Jul 2025 	   BY TRANSFER-UPI/CR/547096478965/VAMSIDHA/ICIC/9900181705/T10 J--	TRANSFER FROM 4897737162096 / 	1	 	5,281.00	4,20,921.40
25 Jul 2025 	25 Jul 2025 	   BY TRANSFER-NEFT*IDFB0010201*IDFBH25206789718*RAZORPAYX ESCROW--	TRANSFER FROM 99509044300 / 	4430	 	5,152.00	4,26,073.40
25 Jul 2025 	25 Jul 2025 	   BY TRANSFER-SBIYA25206222000867951720-G13 June 2025--	TRANSFER FROM 20069779779                         Mr. AJAI  BALACHANDRAN / 	61034	 	13,339.00	4,39,412.40
25 Jul 2025 	25 Jul 2025 	   BY TRANSFER-NEFT*IDFB0010201*IDFBH25206810134*RAZORPAYX ESCROW--	TRANSFER FROM 99509044300 / 	4430	 	4,536.00	4,43,948.40
25 Jul 2025 	25 Jul 2025 	   BY TRANSFER-NEFT*DEUT0784PBC*DEUTN25206038981*SHYAM SANKARANAR--	TRANSFER FROM 99509044300 / 	4430	 	5,083.00	4,49,031.40
26 Jul 2025 	26 Jul 2025 	   BY TRANSFER-INB FlatS13MaintanencJune2025--	IT0AAPYWV1               TRANSFER FROM 10421889519                         Mrs. RAMA DEVI S / 	99922	 	4,778.53	4,53,809.93
26 Jul 2025 	26 Jul 2025 	   BY TRANSFER-INB FlatF13MaintenanceJun2025--	IT0AAPYWX3               TRANSFER FROM 10421889519                         Mrs. RAMA DEVI S / 	99922	 	5,598.22	4,59,408.15
26 Jul 2025 	26 Jul 2025 	   BY TRANSFER-NEFT*IDFB0010201*IDFBH25207893820*RAZORPAYX ESCROW--	TRANSFER FROM 99509044300 / 	4430	 	1,288.00	4,60,696.15
27 Jul 2025 	27 Jul 2025 	   BY TRANSFER-NEFT*IDFB0010201*IDFBH25208962801*RAZORPAYX ESCROW--	TRANSFER FROM 99509044300 / 	4430	 	4,529.00	4,65,225.15
27 Jul 2025 	27 Jul 2025 	   BY TRANSFER-NEFT*UTIB0000086*AXOMB20802053968*IRUDAYARAJ ALWIN--	TRANSFER FROM 99509044300 / 	4430	 	5,922.86	4,71,148.01

**This is a computer generated statement and does not require a signature