Account Name       :                	MANA PRISTINE FLAT OWNERS WELFARE ASSOCIATION               
Address            :	SURVEY NO 31/38/6 DODDAKANNALLI VILLAGE OFF SARJAPUR ROAD BANGALORE 560035
                                    	Bangalore
                                    	29-560035
                                    	India
Date               :                	30 Nov 2025
Account Number     :	_00000033001215401
Branch             :	KASAVANAHALLI
Interest Rate(% p.a.):	0.0
IFS Code                      	SBIN0032295
Account Type                  	Current Account
MOD Balance      :	_0.00
CIF No.          :	_86725625341
MICR Code        :	_560002296
Drawing Power      :	0.00
Balance on 1 Jun 2025        :	1,45,373.64
Start Date          :	1 Jun 2025 
End Date            :	30 Jun 2025 
Txn Date	Value Date	Description	Ref No./Cheque No.	Branch Code	        Debit	Credit	Balance	
1 Jun 2025 	1 Jun 2025 	   BY TRANSFER-IMPS/515225075633/RNB-XX301-Razorpay/FlatG01Ap--	TRANSFER FROM 4698333162095 / 	16209	 	6,306.00	1,51,679.64
1 Jun 2025 	1 Jun 2025 	   BY TRANSFER-NEFT*UTIB0000086*AXOIR40001287826*SAMRAT KAR*BATCH--	TRANSFER FROM 99509044300 / 	4430	 	6,000.00	1,57,679.64
1 Jun 2025 	1 Jun 2025 	   BY TRANSFER-IMPS/515220819980/axb-XX747-MGANESAN/G16tMaint--	TRANSFER FROM 4698333162095 / 	16209	 	5,425.29	1,63,104.93
3 Jun 2025 	3 Jun 2025 	   BY TRANSFER-NEFT*HDFC0000001*HDFCH00276324523*RENU R*BATCHID:0--	TRANSFER FROM 99509044300 / 	4430	 	69,469.00	2,32,573.93
4 Jun 2025 	4 Jun 2025 	   BY TRANSFER-IMPS/515525113959/RNB-XX301-Razorpay/FlatS12Ap--	TRANSFER FROM 4698313162099 / 	16209	 	6,180.00	2,38,753.93
4 Jun 2025 	4 Jun 2025 	   BY TRANSFER-IMPS/515513389418/ICI-XX529-MASOOD A/IMPS Tran--	TRANSFER FROM 4698313162099 / 	16209	 	5,529.00	2,44,282.93
5 Jun 2025 	5 Jun 2025 	   BY TRANSFER-IMPS/515626081018/RNB-XX301-Razorpay/FlatT11Ap--	TRANSFER FROM 4698318162094 / 	16209	 	5,669.00	2,49,951.93
9 Jun 2025 	9 Jun 2025 	   BY TRANSFER-IMPS/516015424284/ICI-XX178-SONAL SI/Maintenan--	TRANSFER FROM 4698302162091 / 	16209	 	50,000.00	2,99,951.93
9 Jun 2025 	9 Jun 2025 	   BY TRANSFER-NEFT*DEUT0784PBC*DEUTN25160519967*SHYAM SANKARANAR--	TRANSFER FROM 99509044300 / 	4430	 	9,519.00	3,09,470.93
10 Jun 2025 	10 Jun 2025 	   BY TRANSFER-UPI/CR/516125514707/TECHVENO/HDFC/7033090806/Sent--	TRANSFER FROM 4897734162099 / 	32295	 	33,159.00	3,42,629.93
10 Jun 2025 	10 Jun 2025 	   BY TRANSFER-UPI/CR/106249441544/PACHAIYA/DCBL/ramzazen@o/Rama--	TRANSFER FROM 4897734162099 / 	32295	 	8,466.00	3,51,095.93
10 Jun 2025 	10 Jun 2025 	   BY TRANSFER-INB T1 Prashant May25--	IT0AADVCO5               TRANSFER FROM 20071385409                         Mr. PRASHANT  SIKDAR / 	99922	 	5,591.00	3,56,686.93
11 Jun 2025 	11 Jun 2025 	   BY TRANSFER-IMPS/516225090000/RNB-XX301-Razorpay/FlatF14Ap--	TRANSFER FROM 4698313162099 / 	16209	 	4,891.00	3,61,577.93
11 Jun 2025 	11 Jun 2025 	   BY TRANSFER-INB Maintenance Charges--	IT0AADWOW2               TRANSFER FROM 10458393278                          MAJ PRASENJIT CHAKRAV / 	99922	 	4,195.00	3,65,772.93
11 Jun 2025 	11 Jun 2025 	   BY TRANSFER-NEFT*HDFC0000001*HDFCH00296757901*RENU R*BATCHID:0--	TRANSFER FROM 99509044300 / 	4430	 	4,434.00	3,70,206.93
11 Jun 2025 	11 Jun 2025 	   BY TRANSFER-NEFT*SCBL0036001*SCBLH25162008765*RAMANNA, SREENAT--	TRANSFER FROM 99509044300 / 	4430	 	85,000.00	4,55,206.93
11 Jun 2025 	11 Jun 2025 	   BY TRANSFER-SBIYA25162110105609841073-G10 maintenanc--	TRANSFER FROM 33028750866                         Mr. CIJO  JACOB / 	61034	 	4,790.00	4,59,996.93
11 Jun 2025 	11 Jun 2025 	   BY TRANSFER-NEFT*HDFC0000001*HDFCH00296852709*MANISHA GHOSHAL*--	TRANSFER FROM 99509044300 / 	4430	 	4,013.00	4,64,009.93
11 Jun 2025 	11 Jun 2025 	   BY TRANSFER-NEFT*HDFC0000001*HDFCH00297374396*N GEETHA*BATCHID--	TRANSFER FROM 99509044300 / 	4430	 	4,272.00	4,68,281.93
11 Jun 2025 	11 Jun 2025 	   BY TRANSFER-IMPS/516226228091/RNB-XX301-Razorpay/FlatS04Ap--	TRANSFER FROM 4698313162099 / 	16209	 	4,897.00	4,73,178.93
11 Jun 2025 	11 Jun 2025 	   BY TRANSFER-IMPS/516226245567/RNB-XX301-Razorpay/FlatT15Ap--	TRANSFER FROM 4698313162099 / 	16209	 	5,191.00	4,78,369.93
11 Jun 2025 	11 Jun 2025 	   BY TRANSFER-IMPS/516225475401/RNB-XX301-Razorpay/FlatF08Ap--	TRANSFER FROM 4698313162099 / 	16209	 	4,044.00	4,82,413.93
11 Jun 2025 	11 Jun 2025 	   BY TRANSFER-IMPS/516225505026/RNB-XX301-Razorpay/FlatG15Ap--	TRANSFER FROM 4698313162099 / 	16209	 	4,568.00	4,86,981.93
11 Jun 2025 	11 Jun 2025 	   BY TRANSFER-IMPS/516228318664/RNB-XX301-Razorpay/FlatT11Ap--	TRANSFER FROM 4698313162099 / 	16209	 	4,859.00	4,91,840.93
11 Jun 2025 	11 Jun 2025 	   BY TRANSFER-IMPS/516227320222/RNB-XX301-Razorpay/FlatT09Ap--	TRANSFER FROM 4698313162099 / 	16209	 	5,426.00	4,97,266.93
11 Jun 2025 	11 Jun 2025 	   BY TRANSFER-IMPS/516244637815/ybp-XX201-DREAMPLU/Paid via--	TRANSFER FROM 4698313162099 / 	16209	 	1.00	4,97,267.93
12 Jun 2025 	12 Jun 2025 	   BY TRANSFER-NEFT*ICIC0SF0002*ICIN116381224106*DEVENDRA SINGH R--	TRANSFER FROM 99509044300 / 	4430	 	4,372.00	5,01,639.93
12 Jun 2025 	12 Jun 2025 	   BY TRANSFER-NEFT*HDFC0000001*HDFCH00298653915*ASHWIN PANDITH*B--	TRANSFER FROM 99509044300 / 	4430	 	5,107.00	5,06,746.93
12 Jun 2025 	12 Jun 2025 	   BY TRANSFER-IMPS/516325189259/RNB-XX301-Razorpay/FlatF15Ap--	TRANSFER FROM 4698318162094 / 	16209	 	5,466.00	5,12,212.93
12 Jun 2025 	12 Jun 2025 	   BY TRANSFER-IMPS/516316244175/axb-XX747-MGANESAN/G16May25--	TRANSFER FROM 4698318162094 / 	16209	 	4,733.03	5,16,945.96
13 Jun 2025 	13 Jun 2025 	   BY TRANSFER-IMPS/516428050399/RNB-XX301-Razorpay/FlatG01Ap--	TRANSFER FROM 4698323162097 / 	16209	 	4,989.00	5,21,934.96
13 Jun 2025 	13 Jun 2025 	   BY TRANSFER-IMPS/516428053856/RNB-XX301-Razorpay/FlatF06Ap--	TRANSFER FROM 4698323162097 / 	16209	 	4,331.00	5,26,265.96
13 Jun 2025 	13 Jun 2025 	CASH CHEQUE-CASH WITHDRAWAL BY CHQ--710343	 / 710343	32295	25,000.00	 	5,01,265.96
13 Jun 2025 	13 Jun 2025 	CHEQUE WDL-CHEQUE TRANSFER TO--710338	TRANSFER FROM 32430881220                         Mr. D  RAJU / 710338	32295	3,300.00	 	4,97,965.96
13 Jun 2025 	13 Jun 2025 	CHEQUE WDL-CHEQUE TRANSFER TO--710337	TRANSFER FROM 32430881220                         Mr. D  RAJU / 710337	32295	3,300.00	 	4,94,665.96
13 Jun 2025 	13 Jun 2025 	   CORR CHQ WITHDRAWAL-RE OF WRONG TRANSACTION--	TRANSFER FROM 32430881220                         Mr. D  RAJU / 	32295	 	3,300.00	4,97,965.96
13 Jun 2025 	13 Jun 2025 	   CORR CHQ WITHDRAWAL-RE OF WRONG TRANSACTION--	TRANSFER FROM 32430881220                         Mr. D  RAJU / 	32295	 	3,300.00	5,01,265.96
13 Jun 2025 	13 Jun 2025 	CHEQUE WDL-CHEQUE TRANSFER TO--710338	TRANSFER FROM 32430881220                         Mr. D  RAJU / 710338	32295	3,300.00	 	4,97,965.96
13 Jun 2025 	13 Jun 2025 	CHEQUE WDL-CHEQUE TRANSFER TO--710337	TRANSFER FROM 32430881220                         Mr. D  RAJU / 710337	32295	15,000.00	 	4,82,965.96
13 Jun 2025 	13 Jun 2025 	   BY TRANSFER-NEFT*UTIB0000086*AXOMB16402059075*A IRUDAYARAJ ALW--	TRANSFER FROM 99509044300 / 	4430	 	4,838.88	4,87,804.84
13 Jun 2025 	13 Jun 2025 	   BY TRANSFER-IMPS/516428208495/RNB-XX301-Razorpay/FlatF09Ap--	TRANSFER FROM 4698323162097 / 	16209	 	4,310.00	4,92,114.84
14 Jun 2025 	14 Jun 2025 	   BY TRANSFER-IMPS/516546221831/ybp-XX201-DREAMPLU/Paid via--	TRANSFER FROM 4698328162092 / 	16209	 	1.00	4,92,115.84
14 Jun 2025 	14 Jun 2025 	   BY TRANSFER-UPI/CR/516554472847/HARSHITA/PUNB/haporwal97/T3 MA--	TRANSFER FROM 4897738162095 / 	32295	 	4,905.00	4,97,020.84
14 Jun 2025 	14 Jun 2025 	   BY TRANSFER-IMPS/516528104219/RNB-XX301-Razorpay/FlatG08Ap--	TRANSFER FROM 4698328162092 / 	16209	 	4,772.00	5,01,792.84
14 Jun 2025 	14 Jun 2025 	   BY TRANSFER-UPI/CR/106453783792/ANKUR KU/HDFC/agarwalank/UPI--	TRANSFER FROM 4897738162095 / 	32295	 	6,218.00	5,08,010.84
14 Jun 2025 	14 Jun 2025 	   BY TRANSFER-UPI/CR/106453823500/ANKUR KU/HDFC/agarwalank/UPI--	TRANSFER FROM 4897738162095 / 	32295	 	4,701.00	5,12,711.84
14 Jun 2025 	14 Jun 2025 	   BY TRANSFER-INB FlatS13May2025Maintenance--	IT0AAESLK5               TRANSFER FROM 10421889519                         Mrs. RAMA DEVI S / 	99922	 	4,439.00	5,17,150.84
14 Jun 2025 	14 Jun 2025 	   BY TRANSFER-INB FlatF13May2025Maintenance--	IT0AAESMB0               TRANSFER FROM 10421889519                         Mrs. RAMA DEVI S / 	99922	 	6,275.00	5,23,425.84
15 Jun 2025 	15 Jun 2025 	   BY TRANSFER-IMPS/516620738498/ICI-XX017-SURENDRA/S-1_may_S--	TRANSFER FROM 4698333162095 / 	16209	 	4,012.80	5,27,438.64
15 Jun 2025 	15 Jun 2025 	   BY TRANSFER-NEFT*HDFC0000001*HDFCH00304176235*JEYARANI JEGANAT--	TRANSFER FROM 99509044300 / 	4430	 	71.00	5,27,509.64
16 Jun 2025 	16 Jun 2025 	   BY TRANSFER-IMPS/516711587552/ICI-XX379-KASIBHAT/G2 May ma--	TRANSFER FROM 4698302162091 / 	16209	 	5,159.39	5,32,669.03
16 Jun 2025 	16 Jun 2025 	   BY TRANSFER-IMPS/516711593437/ICI-XX379-KASIBHAT/G2 April--	TRANSFER FROM 4698302162091 / 	16209	 	7,318.68	5,39,987.71
16 Jun 2025 	16 Jun 2025 	   BY TRANSFER-IMPS/516727198604/RNB-XX301-Razorpay/FlatT16Ap--	TRANSFER FROM 4698302162091 / 	16209	 	4,119.00	5,44,106.71
17 Jun 2025 	17 Jun 2025 	TO CLEARING-Chq No. 710335 AXS   OM SAI ENTERPRISES--710335	 / 710335	40743	6,600.00	 	5,37,506.71
17 Jun 2025 	17 Jun 2025 	TO CLEARING-Chq No. 710341 BOM   Mr SUBODH  PRADHAN--710341	 / 710341	40743	3,000.00	 	5,34,506.71
18 Jun 2025 	18 Jun 2025 	   BY TRANSFER-UPI/CR/516912200268/VINYAS R/ICIC/1551358457/undef--	TRANSFER FROM 4897735162098 / 	32295	 	4,076.00	5,38,582.71
18 Jun 2025 	18 Jun 2025 	TO CLEARING-Chq No. 710347 BOB   ASSISTANT EXECUTIVE ENGIN--710347	 / 710347	40743	22,358.00	 	5,16,224.71
18 Jun 2025 	18 Jun 2025 	TO CLEARING-Chq No. 710336 BOB   SMITHA T--710336	 / 710336	40743	31,600.00	 	4,84,624.71
18 Jun 2025 	18 Jun 2025 	   BY TRANSFER-NEFT*ICIC0SF0002*ICIN116981515622*PAWAN SUBHASH*BA--	TRANSFER FROM 99509044300 / 	4430	 	5,025.00	4,89,649.71
19 Jun 2025 	19 Jun 2025 	   BY TRANSFER-IMPS/517008987465/ICI-XX448-MANIKAND/Mana S3 b--	TRANSFER FROM 4698318162094 / 	16209	 	39,966.54	5,29,616.25
19 Jun 2025 	19 Jun 2025 	   BY TRANSFER-IMPS/517011248714/ICI-XX178-SONAL SI/S2 mainte--	TRANSFER FROM 4698318162094 / 	16209	 	20,000.00	5,49,616.25
19 Jun 2025 	19 Jun 2025 	   BY TRANSFER-NEFT*HDFC0000001*HDFCH00310845625*BALAKRISHNAN KRI--	TRANSFER FROM 99509044300 / 	4430	 	5,150.00	5,54,766.25
20 Jun 2025 	20 Jun 2025 	TO CLEARING-Chq No. 710342 PNB   YUVARAJ S--710342	 / 710342	40743	7,000.00	 	5,47,766.25
20 Jun 2025 	20 Jun 2025 	TO CLEARING-Chq No. 710339 AXS   MUNIREDDY A--710339	 / 710339	40743	22,900.00	 	5,24,866.25
20 Jun 2025 	20 Jun 2025 	   BY TRANSFER-IMPS/517127075826/RNB-XX301-Razorpay/FlatS11Ap--	TRANSFER FROM 4698323162097 / 	16209	 	4,348.00	5,29,214.25
20 Jun 2025 	20 Jun 2025 	   BY TRANSFER-NEFT*UTIB0000086*AXOIR17100910299*VIMAL N K*BATCHI--	TRANSFER FROM 99509044300 / 	4430	 	4,800.17	5,34,014.42
20 Jun 2025 	20 Jun 2025 	   BY TRANSFER-IMPS/517127121090/RNB-XX301-Razorpay/FlatS12Ap--	TRANSFER FROM 4698323162097 / 	16209	 	4,971.00	5,38,985.42
20 Jun 2025 	20 Jun 2025 	   BY TRANSFER-UPI/CR/888020611574/VAMSIDHA/ICIC/9900181705/F5 Ma--	TRANSFER FROM 4897737162096 / 	1	 	4,022.00	5,43,007.42
20 Jun 2025 	20 Jun 2025 	   BY TRANSFER-UPI/CR/027961437980/VAMSIDHA/ICIC/9900181705/T10 M--	TRANSFER FROM 4897737162096 / 	1	 	4,959.00	5,47,966.42
21 Jun 2025 	21 Jun 2025 	   BY TRANSFER-IMPS/517225010372/RNB-XX301-Razorpay/FlatG11Ap--	TRANSFER FROM 4698328162092 / 	16209	 	4,399.00	5,52,365.42
21 Jun 2025 	21 Jun 2025 	   BY TRANSFER-IMPS/517226089786/RNB-XX301-Razorpay/FlatS03Ap--	TRANSFER FROM 4698328162092 / 	16209	 	4,272.00	5,56,637.42
21 Jun 2025 	21 Jun 2025 	   BY TRANSFER-IMPS/517225302942/RNB-XX301-Razorpay/FlatG14Ap--	TRANSFER FROM 4698328162092 / 	16209	 	5,435.00	5,62,072.42
23 Jun 2025 	23 Jun 2025 	   BY TRANSFER-NEFT*DEUT0784PBC*DEUTN25174655973*SHYAM SANKARANAR--	TRANSFER FROM 99509044300 / 	4430	 	5,127.00	5,67,199.42
23 Jun 2025 	23 Jun 2025 	   BY TRANSFER-IMPS/517422880936/ICI-XX312-SHAILESH/IMPS Tran--	TRANSFER FROM 4698302162091 / 	16209	 	4,374.00	5,71,573.42
24 Jun 2025 	24 Jun 2025 	TO CLEARING-Chq No. 710349 AXS   CERTICOM CONSULTING--710349	 / 710349	40743	30,000.00	 	5,41,573.42
24 Jun 2025 	24 Jun 2025 	   BY TRANSFER-IMPS/517525081815/RNB-XX301-Razorpay/FlatF10Ap--	TRANSFER FROM 4698308162095 / 	16209	 	4,246.00	5,45,819.42
24 Jun 2025 	24 Jun 2025 	   BY TRANSFER-IMPS/517525566614/RNB-XX301-Razorpay/FlatS07Ap--	TRANSFER FROM 4698308162095 / 	16209	 	4,060.00	5,49,879.42
26 Jun 2025 	26 Jun 2025 	   BY TRANSFER-IMPS/517726096190/RNB-XX301-Razorpay/FlatT08Ap--	TRANSFER FROM 4698318162094 / 	16209	 	4,778.00	5,54,657.42
27 Jun 2025 	27 Jun 2025 	TO CLEARING-Chq No. 710348 KOT   SMARTERHOMES TECHNOLOGIE--710348	 / 710348	40743	26,272.00	 	5,28,385.42
28 Jun 2025 	28 Jun 2025 	   BY TRANSFER-IMPS/517927252759/RNB-XX301-Razorpay/FlatS02Ap--	TRANSFER FROM 4698328162092 / 	16209	 	7,099.00	5,35,484.42
29 Jun 2025 	29 Jun 2025 	   BY TRANSFER-UPI/CR/715912846240/VAMSIDHA/ICIC/9900181705/F5 ad--	TRANSFER FROM 4897732162091 / 	1	 	4,000.00	5,39,484.42
30 Jun 2025 	30 Jun 2025 	TO CLEARING-Chq No. 710340 FBL   AJITHANATHMULT--710340	 / 710340	40743	7,000.00	 	5,32,484.42
30 Jun 2025 	30 Jun 2025 	TO CLEARING-Chq No. 710346 FBL   AJITHANATHMULT--710346	 / 710346	40743	5,140.00	 	5,27,344.42

**This is a computer generated statement and does not require a signature