Account Name       :                	MANA PRISTINE FLAT OWNERS WELFARE ASSOCIATION               
Address            :	SURVEY NO 31/38/6 DODDAKANNALLI VILLAGE OFF SARJAPUR ROAD BANGALORE 560035
                                    	Bangalore
                                    	29-560035
                                    	India
Date               :                	5 Apr 2026
Account Number     :	_00000033001215401
Branch             :	KASAVANAHALLI
Interest Rate(% p.a.):	0.0
IFS Code                      	SBIN0032295
Account Type                  	Current Account
MOD Balance      :	_0.00
CIF No.          :	_86725625341
MICR Code        :	_560002296
Drawing Power      :	0.00
Balance on 1 Mar 2026        :	2,45,694.96
Start Date          :	1 Mar 2026 
End Date            :	31 Mar 2026 
Txn Date	Value Date	Description	Ref No./Cheque No.	Branch Code	        Debit	Credit	Balance	
1 Mar 2026 	1 Mar 2026 	   BY TRANSFER-NEFT*UTIB0005157*AXOIR06000912644*SAMRAT KAR*BATCH--	TRANSFER FROM 99509044300 / 	4430	 	6,000.00	2,51,694.96
1 Mar 2026 	1 Mar 2026 	   BY TRANSFER-IMPS/606029264793/RE1-XX708-ABY THOM/Maint Jan--	TRANSFER FROM 4698333162095 / 	16209	 	5,614.00	2,57,308.96
1 Mar 2026 	1 Mar 2026 	   BY TRANSFER-IMPS/606029320044/RE1-XX964-LALIT KU/T8MaintJa--	TRANSFER FROM 4698333162095 / 	16209	 	5,305.00	2,62,613.96
1 Mar 2026 	1 Mar 2026 	   BY TRANSFER-NEFT*UTIB0005157*AXOIR06000933225*VIMAL N K*BATCHI--	TRANSFER FROM 99509044300 / 	4430	 	5,504.00	2,68,117.96
1 Mar 2026 	1 Mar 2026 	   BY TRANSFER-IMPS/606023995313/ICI-XX284-JAVED NA/IMPS Tran--	TRANSFER FROM 4698333162095 / 	16209	 	5,814.00	2,73,931.96
2 Mar 2026 	2 Mar 2026 	   BY TRANSFER-UPI/CR/606172756901/TREVOR R/HDFC/trevorrodr/UPI--	TRANSFER FROM 4897732162091 / 	32295	 	5,832.00	2,79,763.96
2 Mar 2026 	2 Mar 2026 	   BY TRANSFER-IMPS/606111726012/ICI-XX621-MOHIT DA/G6 Jan 26--	TRANSFER FROM 4698302162091 / 	16209	 	5,394.00	2,85,157.96
2 Mar 2026 	2 Mar 2026 	   BULK POSTING-IMPS/TCC_103/606012322132 / 01032026- Cr--	 / 	16209	 	5,163.00	2,90,320.96
2 Mar 2026 	2 Mar 2026 	   BY TRANSFER-NEFT*HDFC0000001*HDFCH00834890900*JEYARANI JEGANAT--	TRANSFER FROM 99509044300 / 	4430	 	3,631.00	2,93,951.96
2 Mar 2026 	2 Mar 2026 	   BY TRANSFER-SBIY226061205637404082204/P/f16maintanancepaymentJ--	TRANSFER FROM 10209808020                         Mrs. SREEJA  SUDHARMA / 	80150	 	6,057.00	3,00,008.96
3 Mar 2026 	3 Mar 2026 	TO CLEARING-Chq 209483 Sess 5 MUNIREDDY A           0009115268--209483	 / 209483	40743	21,800.00	 	2,78,208.96
4 Mar 2026 	4 Mar 2026 	TO CLEARING-Chq 209509 Sess 5 DIFESA SECURITY SERVI 0009197124--209509	 / 209509	40743	1,51,040.00	 	1,27,168.96
5 Mar 2026 	5 Mar 2026 	TO CLEARING-Chq 209512 Sess 6 RAVI                  0009315029--209512	 / 209512	40743	5,500.00	 	1,21,668.96
7 Mar 2026 	7 Mar 2026 	   BY TRANSFER-UPI/CR/119648328145/ANKUR KU/HDFC/agarwalank/UPI--	TRANSFER FROM 4897737162096 / 	32295	 	5,591.00	1,27,259.96
8 Mar 2026 	8 Mar 2026 	   BY TRANSFER-SBIY226067173614853154302/P/ManaF13MaintenanceJan2--	TRANSFER FROM 10421889519                         Mrs. RAMA DEVI S / 	80150	 	4,991.00	1,32,250.96
8 Mar 2026 	8 Mar 2026 	   BY TRANSFER-SBIY226067173802289544710/P/FlatS13MaintenanceJan2--	TRANSFER FROM 10421889519                         Mrs. RAMA DEVI S / 	80150	 	4,877.00	1,37,127.96
9 Mar 2026 	9 Mar 2026 	CHEQUE WDL-D RAJU--209519	TRANSFER FROM 32430881220                         Mr. D  RAJU / 209519	32295	17,000.00	 	1,20,127.96
9 Mar 2026 	9 Mar 2026 	CHEQUE WDL-D RAJU--209517	TRANSFER FROM 32430881220                         Mr. D  RAJU / 209517	32295	3,300.00	 	1,16,827.96
9 Mar 2026 	9 Mar 2026 	CASH CHEQUE-CASH WITHDRAWAL BY CHQ--209521	 / 209521	32295	10,000.00	 	1,06,827.96
10 Mar 2026 	10 Mar 2026 	TO CLEARING-Chq 209522 Sess 6 MUNIREDDY A           0009676474--209522	 / 209522	40743	21,900.00	 	84,927.96
12 Mar 2026 	12 Mar 2026 	   BY TRANSFER-UPI/CR/470682935158/MANAS DA/ICIC/9818529716/Payme--	TRANSFER FROM 4897735162098 / 	1	 	5,919.00	90,846.96
12 Mar 2026 	12 Mar 2026 	   A/C Keeping Chgs---	 / 	99999	649.00	 	90,197.96
13 Mar 2026 	13 Mar 2026 	TO CLEARING-Chq 209516 Sess 2 ASSISTANT EXECUTIVE E 0009895647--209516	 / 209516	40743	27,160.00	 	63,037.96
17 Mar 2026 	17 Mar 2026 	TO CLEARING-Chq 209514 Sess 6 SMITHA T              0010190499--209514	 / 209514	40743	31,600.00	 	31,437.96
18 Mar 2026 	18 Mar 2026 	TO CLEARING-ASHOK KUMAR--209518	 / 209518	40743	7,000.00	 	24,437.96
20 Mar 2026 	20 Mar 2026 	TO CLEARING-Chq 209520 Sess 5 Mr SUBODH  PRADHAN    0010427995--209520	 / 209520	40743	3,000.00	 	21,437.96
21 Mar 2026 	21 Mar 2026 	   BY TRANSFER-UPI/CR/568335372980/VAMSIDHA/ICIC/9900181705/T10 D--	TRANSFER FROM 4897737162096 / 	1	 	5,574.00	27,011.96
21 Mar 2026 	21 Mar 2026 	   BY TRANSFER-UPI/CR/230504700404/VAMSIDHA/ICIC/9900181705/T10 J--	TRANSFER FROM 4897737162096 / 	1	 	6,780.00	33,791.96
21 Mar 2026 	21 Mar 2026 	   BY TRANSFER-UPI/CR/120356134149/PULKIT G/HDFC/pulkitgupt/UPI--	TRANSFER FROM 4897737162096 / 	32295	 	4,699.00	38,490.96
21 Mar 2026 	21 Mar 2026 	   BY TRANSFER-UPI/CR/644633690869/HARSHITA/HDFC/haporwal97/UPI--	TRANSFER FROM 4897737162096 / 	32295	 	5,276.00	43,766.96
21 Mar 2026 	21 Mar 2026 	   BY TRANSFER-NEFT*HDFC0000001*HDFCH00879511767*MANISHA GHOSHAL*--	TRANSFER FROM 99509044300 / 	4430	 	4,449.00	48,215.96
21 Mar 2026 	21 Mar 2026 	   BY TRANSFER-UPI/CR/041202145037/SREEJITH/SBIN/sreejithme/Payme--	TRANSFER FROM 4897737162096 / 	1	 	6,095.00	54,310.96
21 Mar 2026 	21 Mar 2026 	   BY TRANSFER-UPI/CR/109429428485/VINYAS R/ICIC/1551358457/T 7 F--	TRANSFER FROM 4897737162096 / 	32295	 	4,499.00	58,809.96
21 Mar 2026 	21 Mar 2026 	   BY TRANSFER-NEFT*HDFC0000001*HDFCH00880004120*RENU R*BATCHID:0--	TRANSFER FROM 99509044300 / 	4430	 	4,925.00	63,734.96
21 Mar 2026 	21 Mar 2026 	   BY TRANSFER-UPI/CR/983672229091/ANKIT CH/HDFC/ankitchand/Flat--	TRANSFER FROM 4897737162096 / 	1	 	5,361.00	69,095.96
22 Mar 2026 	22 Mar 2026 	   BY TRANSFER-NEFT*UTIB0000423*AXOMB08102010381*IYER GANESH BALA--	TRANSFER FROM 99509044300 / 	4430	 	4,511.00	73,606.96
22 Mar 2026 	22 Mar 2026 	   BY TRANSFER-NEFT*HDFC0000001*HDFCH00880094195*N GEETHA*BATCHID--	TRANSFER FROM 99509044300 / 	4430	 	4,569.00	78,175.96
22 Mar 2026 	22 Mar 2026 	   BY TRANSFER-IMPS/608110087594/ICI-XX017-SURENDRA/S1SNBFEB--	TRANSFER FROM 4698333162095 / 	16209	 	4,573.00	82,748.96
22 Mar 2026 	22 Mar 2026 	   BY TRANSFER-SBIY226081110501298464739/P/Monthly maintenance ch--	TRANSFER FROM 10458393278                         Mr. MAJ PRASENJIT CHAK / 	80150	 	4,604.00	87,352.96
22 Mar 2026 	22 Mar 2026 	   BY TRANSFER-IMPS/608111318972/axb-XX747-GANESANM/G16DuesFe--	TRANSFER FROM 4698333162095 / 	16209	 	5,166.00	92,518.96
25 Mar 2026 	25 Mar 2026 	   BY TRANSFER-SBIY226084133144621584436/P/Flat T1 Prashant Sikda--	TRANSFER FROM 20071385409                         Mr. PRASHANT  SIKDAR / 	80150	 	5,933.00	98,451.96
25 Mar 2026 	25 Mar 2026 	   BY TRANSFER-SBIY226084140533930137439/P/FlatS13MaintenanceFeb2--	TRANSFER FROM 10421889519                         Mrs. RAMA DEVI S / 	80150	 	4,567.00	1,03,018.96
25 Mar 2026 	25 Mar 2026 	   BY TRANSFER-SBIY226084140725555774306/P/FlatF13MaintenanceFeb2--	TRANSFER FROM 10421889519                         Mrs. RAMA DEVI S / 	80150	 	4,751.00	1,07,769.96
25 Mar 2026 	25 Mar 2026 	   BY TRANSFER-UPI/CR/120555837907/ANMOL VE/HDFC/anmolverma/T9 fe--	TRANSFER FROM 4897734162099 / 	32295	 	4,658.00	1,12,427.96
25 Mar 2026 	25 Mar 2026 	   BY TRANSFER-UPI/CR/645060262895/RANJITH /HDFC/foreverran/G8 fe--	TRANSFER FROM 4897734162099 / 	32295	 	5,744.00	1,18,171.96
26 Mar 2026 	26 Mar 2026 	   BY TRANSFER-NEFT*ICIC0SF0002*IN12608529542458*DEVENDRA SINGH R--	TRANSFER FROM 99509044300 / 	4430	 	4,792.00	1,22,963.96
26 Mar 2026 	26 Mar 2026 	   BY TRANSFER-NEFT*ICIC0SF0002*IN12608529550122*PAWAN SUBHASH*BA--	TRANSFER FROM 99509044300 / 	4430	 	5,500.00	1,28,463.96
26 Mar 2026 	26 Mar 2026 	   BY TRANSFER-UPI/CR/399590469040/SOUMYA K/BARB/9910657374/Feb m--	TRANSFER FROM 4897735162098 / 	539	 	5,520.00	1,33,983.96
26 Mar 2026 	26 Mar 2026 	   BY TRANSFER-UPI/CR/608536495382/MADHUSOO/ICIC/madhusooda/towar--	TRANSFER FROM 4897735162098 / 	32295	 	5,366.00	1,39,349.96
26 Mar 2026 	26 Mar 2026 	   BY TRANSFER-NEFT*HDFC0000001*HDFCH00889196459*ASHWIN PANDITH*B--	TRANSFER FROM 99509044300 / 	4430	 	5,479.00	1,44,828.96
27 Mar 2026 	27 Mar 2026 	   BY TRANSFER-IMPS/608612069326/ICI-XX379-KASIBHAT/G2 mainte--	TRANSFER FROM 4698323162097 / 	16209	 	5,984.58	1,50,813.54
27 Mar 2026 	27 Mar 2026 	   BY TRANSFER-IMPS/608620180611/ICI-XX312-SHAILESH/IMPS Tran--	TRANSFER FROM 4698323162097 / 	16209	 	4,755.00	1,55,568.54
29 Mar 2026 	29 Mar 2026 	   BY TRANSFER-UPI/CR/001121012509/ARADHANA/HDFC/9167688966/G14 m--	TRANSFER FROM 4897738162095 / 	32295	 	5,193.00	1,60,761.54
29 Mar 2026 	29 Mar 2026 	   BY TRANSFER-IMPS/608840752864/RE1-XX964-LALIT KU/T8MaintFe--	TRANSFER FROM 4698333162095 / 	16209	 	4,776.00	1,65,537.54
29 Mar 2026 	29 Mar 2026 	   BY TRANSFER-UPI/CR/120736307671/RICHA SI/HDFC/richasingh/G10--	TRANSFER FROM 4897738162095 / 	32295	 	4,724.00	1,70,261.54
29 Mar 2026 	29 Mar 2026 	   BY TRANSFER-UPI/CR/114955527899/MRKEERTH/SCBL/7775051267/S11 F--	TRANSFER FROM 4897738162095 / 	32295	 	5,056.00	1,75,317.54
29 Mar 2026 	29 Mar 2026 	   BY TRANSFER-NEFT*UTIB0001544*AXOIR08800907313*J JYOTHI*BATCHID--	TRANSFER FROM 99509044300 / 	4430	 	5,468.00	1,80,785.54
29 Mar 2026 	29 Mar 2026 	   BY TRANSFER-UPI/CR/645434102549/ABHISHEK G/HDFC/abhishek.h/S5--	TRANSFER FROM 4897738162095 / 	32295	 	4,619.00	1,85,404.54
29 Mar 2026 	29 Mar 2026 	   BY TRANSFER-UPI/CR/608839680510/ANKUR KU/ICIC/agarwalank/G9 Fe--	TRANSFER FROM 4897738162095 / 	32295	 	5,124.00	1,90,528.54
30 Mar 2026 	30 Mar 2026 	   BY TRANSFER-UPI/CR/608916094237/HARISH B/ICIC/harishb80@/UPI--	TRANSFER FROM 4897732162091 / 	32295	 	4,875.00	1,95,403.54
30 Mar 2026 	30 Mar 2026 	   BY TRANSFER-NEFT*HDFC0000001*HDFCH00895666562*BALAKRISHNAN KRI--	TRANSFER FROM 99509044300 / 	4430	 	5,355.00	2,00,758.54
31 Mar 2026 	31 Mar 2026 	   BY TRANSFER-NEFT*UTIB0005157*AXOMB09002002338*A IRUDAYARAJ ALW--	TRANSFER FROM 99509044300 / 	4430	 	5,559.00	2,06,317.54
31 Mar 2026 	31 Mar 2026 	   BY TRANSFER-NEFT*UTIB0005157*AXOMB09002002277*A IRUDAYARAJ ALW--	TRANSFER FROM 99509044300 / 	4430	 	5,743.00	2,12,060.54
31 Mar 2026 	31 Mar 2026 	   BY TRANSFER-NEFT*UTIB0001544*AXOIR09000914308*J JYOTHI*BATCHID--	TRANSFER FROM 99509044300 / 	4430	 	7,406.00	2,19,466.54
31 Mar 2026 	31 Mar 2026 	   BY TRANSFER-NEFT*UTIB0005157*AXOIR09000919271*VIMAL N K*BATCHI--	TRANSFER FROM 99509044300 / 	4430	 	5,213.00	2,24,679.54
31 Mar 2026 	31 Mar 2026 	TO CLEARING-Chq 209523 Sess 6 GOWTHAMI N            0011236862--209523	 / 209523	40743	6,600.00	 	2,18,079.54
31 Mar 2026 	31 Mar 2026 	   BY TRANSFER-UPI/CR/120875218940/HARSH VA/HDFC/harshvardh/F9 Fe--	TRANSFER FROM 4897733162090 / 	32295	 	4,824.00	2,22,903.54

**This is a computer generated statement and does not require a signature