Account Name       :                	MANA PRISTINE FLAT OWNERS WELFARE ASSOCIATION,Mr. NISHANT  UPADHYAY,MAJ PRASENJIT CHAKRAVORTY
Address            :	SURVEY NO 31/38/6 DODDAKANNALLI VILLAGE OFF SARJAPUR ROAD BANGALORE 560035
                                    	
                                    	29-560035
                                    	India
Date               :                	10 Jun 2025
Account Number     :	_00000033001215401
Account Description:	CA-REGULAR-PUB-OTH-ALL-INR
Branch             :	KASAVANAHALLI
Drawing Power      :	0.00
Interest Rate(% p.a.):	0.0
MOD Balance      :	0.00
CIF No.          :	_86725625341
IFS Code         :	SBIN0032295
MICR Code        :	_560002296
Balance on 1 May 2025        :	1,25,848.66
Start Date          :	1 May 2025
End Date            :	31 May 2025
Txn Date	Value Date	Description	Ref No./Cheque No.	Branch Code	        Debit	Credit	Balance	
1 May 2025	1 May 2025	   BY TRANSFER-NEFT*UTIB0005157*AXOIR12145824522*SAMRAT KAR*BATCH--	TRANSFER FROM 99509044300 / 	4430	 	6,000.00	1,31,848.66
3 May 2025	3 May 2025	   BY TRANSFER-IMPS/512325699326/RNB-XX301-Razorpay/FlatG11Ap--	TRANSFER FROM 4698328162092 / 	16209	 	4,689.00	1,36,537.66
3 May 2025	3 May 2025	   BY TRANSFER-IMPS/512325703731/RNB-XX301-Razorpay/FlatS02Ap--	TRANSFER FROM 4698328162092 / 	16209	 	12,856.00	1,49,393.66
4 May 2025	4 May 2025	   BY TRANSFER-NEFT*UTIB0005157*AXOIR12469208502*VIMAL N K*BATCHI--	TRANSFER FROM 99509044300 / 	4430	 	5,466.00	1,54,859.66
4 May 2025	4 May 2025	   BY TRANSFER-UPI/CR/104274994771/ANKUR KU/HDFC/agarwalank/G9 Ma--	TRANSFER FROM 4897732162091 / 	32295	 	5,203.00	1,60,062.66
8 May 2025	8 May 2025	   BY TRANSFER-IMPS/512818826229/ICI-XX184-RESHMA  /IMPS Tran--	TRANSFER FROM 4698318162094 / 	16209	 	12,000.00	1,72,062.66
12 May 2025	12 May 2025	TO CLEARING-Chq No. 710316 FBL   CHANDRAKUMARPCHANDRA--710316	 / 710316	40743	19,200.00	 	1,52,862.66
12 May 2025	12 May 2025	TO CLEARING-Chq No. 710317 FBL   CHANDRAKUMARPCHANDRA--710317	 / 710317	40743	18,000.00	 	1,34,862.66
12 May 2025	12 May 2025	TO CLEARING-Chq No. 710318 FBL   CHANDRAKUMARPCHANDRA--710318	 / 710318	40743	18,000.00	 	1,16,862.66
13 May 2025	13 May 2025	CHEQUE WDL-CHEQUE TRANSFER TO--710331	TRANSFER FROM 43593938042                         Mr. Thirapatthuri Roop / 710331	32295	7,000.00	 	1,09,862.66
13 May 2025	13 May 2025	TO DEBIT THROUGH CHEQUE-SBI   9108395 RAJU D--710333	 / 710333	32295	3,290.00	 	1,06,572.66
13 May 2025	13 May 2025	TO DEBIT THROUGH CHEQUE-SBI   9108395 RAJU D--710334	 / 710334	32295	4,300.00	 	1,02,272.66
13 May 2025	13 May 2025	TO DEBIT THROUGH CHEQUE-SBI   9108395 RAJU D--710325	 / 710325	32295	15,000.00	 	87,272.66
14 May 2025	14 May 2025	TO CLEARING-Chq No. 710322 BOB   SMITHA T--710322	 / 710322	40743	31,600.00	 	55,672.66
14 May 2025	14 May 2025	TO CLEARING-Chq No. 710319 AXS   OM SAI ENTERPRISES--710319	 / 710319	40743	6,600.00	 	49,072.66
14 May 2025	14 May 2025	   BY TRANSFER-INB Maintenance Charges--	IT00ZVWBN3               TRANSFER FROM 10458393278                          MAJ PRASENJIT CHAKRAV / 	99922	 	5,427.00	54,499.66
15 May 2025	15 May 2025	   BY TRANSFER-UPI/CR/395094195604/VAMSIDHA/ICIC/9900181705/F5--	TRANSFER FROM 4897736162097 / 	1	 	5,354.00	59,853.66
15 May 2025	15 May 2025	   BY TRANSFER-UPI/CR/230780770003/VAMSIDHA/ICIC/9900181705/T10--	TRANSFER FROM 4897736162097 / 	1	 	6,577.00	66,430.66
15 May 2025	15 May 2025	   BY TRANSFER-UPI/CR/138822489744/VAMSIDHA/ICIC/9900181705/F5 ow--	TRANSFER FROM 4897736162097 / 	1	 	1,260.00	67,690.66
15 May 2025	15 May 2025	   BY TRANSFER-IMPS/513513977933/IDF-XX904-RAZORPAY/FlatF08Ap--	TRANSFER FROM 4698318162094 / 	16209	 	5,312.00	73,002.66
15 May 2025	15 May 2025	   BY TRANSFER-IMPS/513513018026/IDF-XX904-RAZORPAY/FlatS04Ap--	TRANSFER FROM 4698318162094 / 	16209	 	6,853.00	79,855.66
15 May 2025	15 May 2025	   BY TRANSFER-IMPS/513515303741/IDF-XX904-RAZORPAY/FlatS11Ap--	TRANSFER FROM 4698318162094 / 	16209	 	5,330.00	85,185.66
15 May 2025	15 May 2025	   BY TRANSFER-IMPS/513518704086/IDF-XX904-RAZORPAY/FlatT09Ap--	TRANSFER FROM 4698318162094 / 	16209	 	5,977.00	91,162.66
15 May 2025	15 May 2025	   BY TRANSFER-IMPS/513518750240/IDF-XX904-RAZORPAY/FlatG11Ap--	TRANSFER FROM 4698318162094 / 	16209	 	5,599.00	96,761.66
15 May 2025	15 May 2025	   BY TRANSFER-NEFT*HDFC0000001*HDFCH00244266349*RENU R*BATCHID:0--	TRANSFER FROM 99509044300 / 	4430	 	5,710.00	1,02,471.66
16 May 2025	16 May 2025	   BY TRANSFER-NEFT*HDFC0000001*HDFCH00244873630*ASHWIN PANDITH*B--	TRANSFER FROM 99509044300 / 	4430	 	6,908.00	1,09,379.66
16 May 2025	16 May 2025	   BY TRANSFER-IMPS/513614911543/ICI-XX179-DEVENDRA/S16Devend--	TRANSFER FROM 4698323162097 / 	16209	 	5,800.00	1,15,179.66
16 May 2025	16 May 2025	   BY TRANSFER-IMPS/513626205487/RNB-XX301-Razorpay/FlatF14Ap--	TRANSFER FROM 4698323162097 / 	16209	 	6,148.00	1,21,327.66
17 May 2025	17 May 2025	TO CLEARING-Chq No. 710320 AXS   MUNIREDDY A--710320	 / 710320	40743	23,000.00	 	98,327.66
17 May 2025	17 May 2025	TO CLEARING-Chq No. 710327 KOT   SMARTERHOMES TECHNOLOGIE--710327	 / 710327	40743	25,022.00	 	73,305.66
17 May 2025	17 May 2025	TO CLEARING-Chq No. 710326 BOM   Mr SUBODH  PRADHAN--710326	 / 710326	40743	3,000.00	 	70,305.66
17 May 2025	17 May 2025	   BY TRANSFER-NEFT*HDFC0000001*HDFCH00246982514*JEYARANI JEGANAT--	TRANSFER FROM 99509044300 / 	4430	 	6,000.00	76,305.66
17 May 2025	17 May 2025	   BY TRANSFER-IMPS/513716247805/IDF-XX904-RAZORPAY/FlatT03Ap--	TRANSFER FROM 4698328162092 / 	16209	 	6,537.00	82,842.66
17 May 2025	17 May 2025	   BY TRANSFER-NEFT*HDFC0000001*HDFCH00247932067*N GEETHA*BATCHID--	TRANSFER FROM 99509044300 / 	4430	 	5,340.00	88,182.66
18 May 2025	18 May 2025	   BY TRANSFER-IMPS/513822412654/axb-XX808-VIVEKDHI/IMPS--	TRANSFER FROM 4698333162095 / 	16209	 	5,320.00	93,502.66
19 May 2025	19 May 2025	   BY TRANSFER-NEFT*ICIC0SF0002*ICIN113979557868*SURENDRANATH BEH--	TRANSFER FROM 99509044300 / 	4430	 	5,285.76	98,788.42
19 May 2025	19 May 2025	   BY TRANSFER-NEFT*HDFC0000001*HDFCH00248876167*MANISHA GHOSHAL*--	TRANSFER FROM 99509044300 / 	4430	 	5,286.00	1,04,074.42
19 May 2025	19 May 2025	   BY TRANSFER-IMPS/513926255246/RNB-XX301-Razorpay/FlatF09Ap--	TRANSFER FROM 4698302162091 / 	16209	 	5,516.00	1,09,590.42
19 May 2025	19 May 2025	   BY TRANSFER-NEFT*HDFC0000001*HDFCH00250379014*BALAKRISHNAN KRI--	TRANSFER FROM 99509044300 / 	4430	 	6,545.00	1,16,135.42
20 May 2025	20 May 2025	   BY TRANSFER-IMPS/514025107484/RNB-XX301-Razorpay/FlatF15Ap--	TRANSFER FROM 4698308162095 / 	16209	 	6,465.00	1,22,600.42
20 May 2025	20 May 2025	   BY TRANSFER-IMPS/514026064480/RNB-XX301-Razorpay/FlatS05Ap--	TRANSFER FROM 4698308162095 / 	16209	 	6,314.00	1,28,914.42
20 May 2025	20 May 2025	   BY TRANSFER-NEFT*UTIB0000423*AXOMB14086844021*IYER GANESH BALA--	TRANSFER FROM 99509044300 / 	4430	 	5,941.00	1,34,855.42
20 May 2025	20 May 2025	   BY TRANSFER-INB Maintenance charges--	IT00ZXIDK0               TRANSFER FROM 10458393278                          MAJ PRASENJIT CHAKRAV / 	99922	 	676.00	1,35,531.42
20 May 2025	20 May 2025	   BY TRANSFER-IMPS/514020120537/RE1-XX196-ABHISHEK/G5 Mainte--	TRANSFER FROM 4698308162095 / 	16209	 	6,000.00	1,41,531.42
21 May 2025	21 May 2025	   BY TRANSFER-IMPS/514125130565/RNB-XX301-Razorpay/FlatG07Ap--	TRANSFER FROM 4698313162099 / 	16209	 	5,752.00	1,47,283.42
21 May 2025	21 May 2025	   BY TRANSFER-NEFT*UTIB0000086*AXOIR40001029708*VIMAL N K*BATCHI--	TRANSFER FROM 99509044300 / 	4430	 	6,136.00	1,53,419.42
21 May 2025	21 May 2025	   BY TRANSFER-IMPS/514127128958/RNB-XX301-Razorpay/FlatS03Ap--	TRANSFER FROM 4698313162099 / 	16209	 	5,553.00	1,58,972.42
21 May 2025	21 May 2025	   BY TRANSFER-UPI/CR/514170581185/SHANTANU/HDFC/7033090806/Sent--	TRANSFER FROM 4897735162098 / 	32295	 	9,182.00	1,68,154.42
21 May 2025	21 May 2025	   BY TRANSFER-NEFT*ICIC0SF0002*ICIN114179680419*PAWAN SUBHASH*BA--	TRANSFER FROM 99509044300 / 	4430	 	6,410.00	1,74,564.42
21 May 2025	21 May 2025	   BY TRANSFER-IMPS/514127210373/RNB-XX301-Razorpay/FlatT15Ap--	TRANSFER FROM 4698313162099 / 	16209	 	6,247.00	1,80,811.42
22 May 2025	22 May 2025	TO CLEARING-Chq No. 710324 FBL   AJITHANATHMULT--710324	 / 710324	40743	7,000.00	 	1,73,811.42
22 May 2025	22 May 2025	   BY TRANSFER-SBIYA25142092302277515572-G10 maintenanc--	TRANSFER FROM 33028750866                         Mr. CIJO  JACOB / 	61034	 	6,240.00	1,80,051.42
23 May 2025	23 May 2025	   BY TRANSFER-IMPS/514320553051/ICI-XX312-SHAILESH/IMPS Tran--	TRANSFER FROM 4698323162097 / 	16209	 	5,513.00	1,85,564.42
24 May 2025	24 May 2025	   BY TRANSFER-INB T1 Prashant--	IT00ZYKPU0               TRANSFER FROM 20071385409                         Mr. PRASHANT  SIKDAR / 	99922	 	6,823.00	1,92,387.42
26 May 2025	26 May 2025	TO CLEARING-Chq No. 710328 BOM   DIFESA SECURITY SERVICES--710328	 / 710328	40743	1,20,360.00	 	72,027.42
27 May 2025	27 May 2025	TO CLEARING-Chq No. 710323 PNB   YUVARAJ S--710323	 / 710323	40743	7,000.00	 	65,027.42
27 May 2025	27 May 2025	   BY TRANSFER-IMPS/514728128462/RNB-XX301-Razorpay/FlatS07Ap--	TRANSFER FROM 4698308162095 / 	16209	 	5,402.00	70,429.42
28 May 2025	28 May 2025	TO CLEARING-Chq No. 710321 BOB   ASSISTANT EXECUTIVE ENGIN--710321	 / 710321	40743	27,358.00	 	43,071.42
29 May 2025	29 May 2025	   BY TRANSFER-IMPS/514925051327/RNB-XX301-Razorpay/FlatF10Ap--	TRANSFER FROM 4698318162094 / 	16209	 	5,600.00	48,671.42
29 May 2025	29 May 2025	   BY TRANSFER-IMPS/514927122408/RNB-XX301-Razorpay/FlatG08Ap--	TRANSFER FROM 4698318162094 / 	16209	 	6,328.00	54,999.42
29 May 2025	29 May 2025	   BY TRANSFER-IMPS/514927124337/RNB-XX301-Razorpay/FlatT16Ap--	TRANSFER FROM 4698318162094 / 	16209	 	5,625.00	60,624.42
29 May 2025	29 May 2025	   BY TRANSFER-IMPS/514928128083/RNB-XX301-Razorpay/FlatS15Ap--	TRANSFER FROM 4698318162094 / 	16209	 	7,056.00	67,680.42
29 May 2025	29 May 2025	   BY TRANSFER-IMPS/514912798979/axb-XX814-KAPILGAR/balanceam--	TRANSFER FROM 4698318162094 / 	16209	 	5,391.00	73,071.42
29 May 2025	29 May 2025	   BY TRANSFER-IMPS/514927135499/RNB-XX301-Razorpay/FlatG14Ap--	TRANSFER FROM 4698318162094 / 	16209	 	5,734.00	78,805.42
29 May 2025	29 May 2025	   BY TRANSFER-INB FlatF13MaintenanceApr2025--	IT00ZZOBL1               TRANSFER FROM 10421889519                         Mrs. RAMA DEVI S / 	99922	 	5,426.00	84,231.42
29 May 2025	29 May 2025	   BY TRANSFER-INB FlatS13MaintenanceApr2025--	IT00ZZOBM7               TRANSFER FROM 10421889519                         Mrs. RAMA DEVI S / 	99922	 	5,665.00	89,896.42
29 May 2025	29 May 2025	   BY TRANSFER-IMPS/514925365384/RNB-XX301-Razorpay/FlatT06Ap--	TRANSFER FROM 4698318162094 / 	16209	 	6,739.00	96,635.42
29 May 2025	29 May 2025	   BY TRANSFER-IMPS/514928220977/RNB-XX301-Razorpay/FlatS02Ap--	TRANSFER FROM 4698318162094 / 	16209	 	8,243.00	1,04,878.42
29 May 2025	29 May 2025	   BY TRANSFER-NEFT*HDFC0000001*HDFCH00267201674*JEYARANI JEGANAT--	TRANSFER FROM 99509044300 / 	4430	 	5,709.00	1,10,587.42
29 May 2025	29 May 2025	   BY TRANSFER-IMPS/514928254433/RNB-XX301-Razorpay/FlatT08Ap--	TRANSFER FROM 4698318162094 / 	16209	 	6,007.00	1,16,594.42
29 May 2025	29 May 2025	   BY TRANSFER-NEFT*DEUT0784PBC*DEUTN25149380224*SHYAM SANKARANAR--	TRANSFER FROM 99509044300 / 	4430	 	5,803.00	1,22,397.42
30 May 2025	30 May 2025	   BY TRANSFER-NEFT*UTIB0000086*AXOMB40002510895*A IRUDAYARAJ ALW--	TRANSFER FROM 99509044300 / 	4430	 	5,431.22	1,27,828.64
30 May 2025	30 May 2025	   BY TRANSFER-SBIYA25150081204702487165-G13 May 2025--	TRANSFER FROM 20069779779                         Mr. AJAI  BALACHANDRAN / 	61034	 	6,379.00	1,34,207.64
30 May 2025	30 May 2025	   BY TRANSFER-IMPS/515025220409/RNB-XX301-Razorpay/FlatF06Ap--	TRANSFER FROM 4698323162097 / 	16209	 	5,864.00	1,40,071.64
31 May 2025	31 May 2025	   BY TRANSFER-NEFT*ICIC0SF0002*ICIN115180258186*PAWAN SUBHASH*BA--	TRANSFER FROM 99509044300 / 	4430	 	5,302.00	1,45,373.64

**This is a computer generated statement and does not require a signature