Account Name       :                	MANA PRISTINE FLAT OWNERS WELFARE ASSOCIATION               
Address            :	SURVEY NO 31/38/6 DODDAKANNALLI VILLAGE OFF SARJAPUR ROAD BANGALORE 560035
                                    	Bangalore
                                    	29-560035
                                    	India
Date               :                	14 Dec 2025
Account Number     :	_00000033001215401
Branch             :	KASAVANAHALLI
Interest Rate(% p.a.):	0.0
IFS Code                      	SBIN0032295
Account Type                  	Current Account
MOD Balance      :	_0.00
CIF No.          :	_86725625341
MICR Code        :	_560002296
Drawing Power      :	0.00
Balance on 1 Nov 2025        :	3,06,642.95
Start Date          :	1 Nov 2025 
End Date            :	30 Nov 2025 
Txn Date	Value Date	Description	Ref No./Cheque No.	Branch Code	        Debit	Credit	Balance	
1 Nov 2025 	1 Nov 2025 	   BY TRANSFER-NEFT*UTIB0005157*AXOIR30500921329*SAMRAT KAR*BATCH--	TRANSFER FROM 99509044300 / 	4430	 	6,000.00	3,12,642.95
2 Nov 2025 	2 Nov 2025 	   BY TRANSFER-NEFT*YESB0000001*YESAP53064454944*Nobroker Technol--	TRANSFER FROM 99509044300 / 	4430	 	5,235.00	3,17,877.95
4 Nov 2025 	4 Nov 2025 	   BY TRANSFER-IMPS/530810259533/ICI-XX184-RESHMA  /IMPS Tran--	TRANSFER FROM 4698308162095 / 	16209	 	12,000.00	3,29,877.95
4 Nov 2025 	4 Nov 2025 	   BY TRANSFER-NEFT*YESB0000001*YESAP53085243864*Nobroker Technol--	TRANSFER FROM 99509044300 / 	4430	 	5,634.00	3,35,511.95
4 Nov 2025 	4 Nov 2025 	   BY TRANSFER-NEFT*YESB0000001*YESAP53086071723*Nobroker Technol--	TRANSFER FROM 99509044300 / 	4430	 	5,011.00	3,40,522.95
5 Nov 2025 	5 Nov 2025 	   BY TRANSFER-NEFT*UTIB0005157*AXOIR30900922650*VIMAL N K*BATCHI--	TRANSFER FROM 99509044300 / 	4430	 	5,505.00	3,46,027.95
10 Nov 2025 	10 Nov 2025 	CHEQUE WDL-CHEQUE TRANSFER TO--209459	TRANSFER FROM 32430881220                         Mr. D  RAJU / 209459	32295	15,000.00	 	3,31,027.95
10 Nov 2025 	10 Nov 2025 	CHEQUE WDL-CHEQUE TRANSFER TO--209458	TRANSFER FROM 32430881220                         Mr. D  RAJU / 209458	32295	3,300.00	 	3,27,727.95
10 Nov 2025 	10 Nov 2025 	CHEQUE WDL-CHEQUE TRANSFER TO--209457	TRANSFER FROM 32430881220                         Mr. D  RAJU / 209457	32295	6,300.00	 	3,21,427.95
10 Nov 2025 	10 Nov 2025 	CHEQUE WDL-CHEQUE TRANSFER TO--209456	TRANSFER FROM 32430881220                         Mr. D  RAJU / 209456	32295	5,800.00	 	3,15,627.95
10 Nov 2025 	10 Nov 2025 	CASH CHEQUE-CASH WITHDRAWAL BY CHQ--209463	 / 209463	32295	10,000.00	 	3,05,627.95
12 Nov 2025 	12 Nov 2025 	   BY TRANSFER-NEFT*YESB0000001*YESAP53165267760*Nobroker Technol--	TRANSFER FROM 99509044300 / 	4430	 	4,834.00	3,10,461.95
13 Nov 2025 	13 Nov 2025 	TO CLEARING-Chq 209464 Sess 2 YUVARAJ S             0001337083--209464	 / 209464	40743	14,000.00	 	2,96,461.95
14 Nov 2025 	14 Nov 2025 	TO CLEARING-Chq 209447 Sess 3 MUNIREDDY A           0001449922--209447	 / 209447	40743	20,600.00	 	2,75,861.95
14 Nov 2025 	14 Nov 2025 	   BY TRANSFER-NEFT*YESB0000001*YESAP53186153296*Nobroker Technol--	TRANSFER FROM 99509044300 / 	4430	 	5,637.00	2,81,498.95
16 Nov 2025 	16 Nov 2025 	   BY TRANSFER-UPI/CR/114221506764/PULKIT G/HDFC/pulkitgupt/F5 bi--	TRANSFER FROM 4897732162091 / 	32295	 	6,114.00	2,87,612.95
16 Nov 2025 	16 Nov 2025 	   BY TRANSFER-NEFT*ICIC0SF0002*IN12532008920168*DEVENDRA SINGH R--	TRANSFER FROM 99509044300 / 	4430	 	6,114.00	2,93,726.95
16 Nov 2025 	16 Nov 2025 	   BY TRANSFER-NEFT*YESB0000001*YESAP53205232045*Nobroker Technol--	TRANSFER FROM 99509044300 / 	4430	 	6,231.00	2,99,957.95
16 Nov 2025 	16 Nov 2025 	   BY TRANSFER-UPI/CR/418760593199/VAMSIDHA/ICIC/9900181705/T10 O--	TRANSFER FROM 4897732162091 / 	1	 	6,864.00	3,06,821.95
16 Nov 2025 	16 Nov 2025 	   BY TRANSFER-NEFT*HDFC0000001*HDFCH00617035455*RENU R*BATCHID:0--	TRANSFER FROM 99509044300 / 	4430	 	6,231.00	3,13,052.95
17 Nov 2025 	17 Nov 2025 	   BY TRANSFER-INB Maintenance charges--	IT0ABVBIA6               TRANSFER FROM 10458393278                         Mr. MAJ PRASENJIT CHAK / 	99922	 	6,114.00	3,19,166.95
17 Nov 2025 	17 Nov 2025 	   BY TRANSFER-NEFT*HDFC0000001*HDFCH00617651659*MANISHA GHOSHAL*--	TRANSFER FROM 99509044300 / 	4430	 	6,114.00	3,25,280.95
17 Nov 2025 	17 Nov 2025 	   BY TRANSFER-NEFT*YESB0000001*YESAP53215386966*Nobroker Technol--	TRANSFER FROM 99509044300 / 	4430	 	6,114.00	3,31,394.95
17 Nov 2025 	17 Nov 2025 	TO CLEARING-Chq 209448 Sess 5 SMITHA T              0001660460--209448	 / 209448	40743	31,600.00	 	2,99,794.95
17 Nov 2025 	17 Nov 2025 	TO CLEARING-Chq 209455 Sess 5 Mr SUBODH  PRADHAN    0001671555--209455	 / 209455	40743	3,000.00	 	2,96,794.95
17 Nov 2025 	17 Nov 2025 	   BY TRANSFER-NEFT*ICIC0SF0002*IN12532109042364*PAWAN SUBHASH*BA--	TRANSFER FROM 99509044300 / 	4430	 	6,240.00	3,03,034.95
17 Nov 2025 	17 Nov 2025 	   BY TRANSFER-NEFT*ICIC0SF0002*IN12532109103535*SURENDRANATH BEH--	TRANSFER FROM 99509044300 / 	4430	 	6,114.00	3,09,148.95
18 Nov 2025 	18 Nov 2025 	   BY TRANSFER-NEFT*YESB0000001*YESAP53216190899*Nobroker Technol--	TRANSFER FROM 99509044300 / 	4430	 	6,114.00	3,15,262.95
18 Nov 2025 	18 Nov 2025 	TO CLEARING-Chq 209460 Sess 2 ASHOK KUMAR BARIK     0001715673--209460	 / 209460	40743	7,000.00	 	3,08,262.95
18 Nov 2025 	18 Nov 2025 	   BY TRANSFER-NEFT*HDFC0000001*HDFCH00619365842*N GEETHA*BATCHID--	TRANSFER FROM 99509044300 / 	4430	 	6,114.00	3,14,376.95
18 Nov 2025 	18 Nov 2025 	TO CLEARING-Chq 209462 Sess 5 SMARTERHOMES TECHNOLO 0001782630--209462	 / 209462	40743	26,272.00	 	2,88,104.95
18 Nov 2025 	18 Nov 2025 	TO CLEARING-Chq 209451 Sess 5 SHREE OFFICE PLANET   0001779010--209451	 / 209451	40743	4,309.00	 	2,83,795.95
18 Nov 2025 	18 Nov 2025 	TO CLEARING-Chq 209452 Sess 5 SHREE OFFICE PLANET   0001779011--209452	 / 209452	40743	1,367.00	 	2,82,428.95
19 Nov 2025 	19 Nov 2025 	   BY TRANSFER-NEFT*YESB0000001*YESAP53230001932*Nobroker Technol--	TRANSFER FROM 99509044300 / 	4430	 	6,231.00	2,88,659.95
19 Nov 2025 	19 Nov 2025 	TO CLEARING-Chq 209449 Sess 3 OM SAI ENTERPRISES    0001838040--209449	 / 209449	40743	6,600.00	 	2,82,059.95
20 Nov 2025 	20 Nov 2025 	   BY TRANSFER-UPI/CR/532438591875/HARSHITA/ICIC/haporwal97/UPI--	TRANSFER FROM 4897736162097 / 	32295	 	6,231.00	2,88,290.95
20 Nov 2025 	20 Nov 2025 	TO CLEARING-Chq 209453 Sess 6 DIFESA SECURITY SERVI 0001968984--209453	 / 209453	40743	1,51,040.00	 	1,37,250.95
21 Nov 2025 	21 Nov 2025 	   BY TRANSFER-NEFT*YESB0000001*YESAP53255099775*Nobroker Technol--	TRANSFER FROM 99509044300 / 	4430	 	6,114.00	1,43,364.95
21 Nov 2025 	21 Nov 2025 	   BY TRANSFER-INB T1 Prashant--	IT0ABWBYX7               TRANSFER FROM 20071385409                         Mr. PRASHANT  SIKDAR / 	99922	 	6,114.00	1,49,478.95
22 Nov 2025 	22 Nov 2025 	   BY TRANSFER-UPI/CR/108618361976/VINYAS R/ICIC/1551358457/Rent--	TRANSFER FROM 4897738162095 / 	32295	 	6,114.00	1,55,592.95
23 Nov 2025 	23 Nov 2025 	   BY TRANSFER-IMPS/532700132600/RE1-XX196-ABHISHEK/G5 Oct25--	TRANSFER FROM 4698333162095 / 	16209	 	6,114.00	1,61,706.95
23 Nov 2025 	23 Nov 2025 	   BY TRANSFER-NEFT*YESB0000001*YESAP53275336778*Nobroker Technol--	TRANSFER FROM 99509044300 / 	4430	 	6,114.00	1,67,820.95
23 Nov 2025 	23 Nov 2025 	   BY TRANSFER-NEFT*UTIB0001888*AXOMB32702074368*IRUDAYARAJ ALWIN--	TRANSFER FROM 99509044300 / 	4430	 	6,114.00	1,73,934.95
24 Nov 2025 	24 Nov 2025 	   BY TRANSFER-NEFT*YESB0000001*YESAP53284880617*Nobroker Technol--	TRANSFER FROM 99509044300 / 	4430	 	6,231.00	1,80,165.95
24 Nov 2025 	24 Nov 2025 	   BY TRANSFER-NEFT*YESB0000001*YESAP53284907437*Nobroker Technol--	TRANSFER FROM 99509044300 / 	4430	 	6,981.00	1,87,146.95
24 Nov 2025 	24 Nov 2025 	TO CLEARING-Chq 209450 Sess 3 ASSISTANT EXECUTIVE E 0002112149--209450	 / 209450	40743	26,454.00	 	1,60,692.95
24 Nov 2025 	24 Nov 2025 	   BY TRANSFER-NEFT*YESB0000001*YESAP53285821906*Nobroker Technol--	TRANSFER FROM 99509044300 / 	4430	 	6,231.00	1,66,923.95
25 Nov 2025 	25 Nov 2025 	   BY TRANSFER-NEFT*YESB0000001*YESAP53295396072*Nobroker Technol--	TRANSFER FROM 99509044300 / 	4430	 	6,231.00	1,73,154.95
25 Nov 2025 	25 Nov 2025 	   BY TRANSFER-NEFT*YESB0000001*YESAP53295650248*Nobroker Technol--	TRANSFER FROM 99509044300 / 	4430	 	6,114.00	1,79,268.95
26 Nov 2025 	26 Nov 2025 	   BY TRANSFER-NEFT*YESB0000001*YESAP53305235494*Nobroker Technol--	TRANSFER FROM 99509044300 / 	4430	 	6,231.00	1,85,499.95
26 Nov 2025 	26 Nov 2025 	   BY TRANSFER-IMPS/533011027150/ICI-XX379-KASIBHAT/G2 Mainte--	TRANSFER FROM 4698313162099 / 	16209	 	6,231.38	1,91,731.33
26 Nov 2025 	26 Nov 2025 	   BY TRANSFER-NEFT*YESB0000001*YESAP53305940751*Nobroker Technol--	TRANSFER FROM 99509044300 / 	4430	 	6,114.00	1,97,845.33
26 Nov 2025 	26 Nov 2025 	   BY TRANSFER-NEFT*YESB0000001*YESAP53306044132*Nobroker Technol--	TRANSFER FROM 99509044300 / 	4430	 	6,231.00	2,04,076.33
27 Nov 2025 	27 Nov 2025 	   BY TRANSFER-IMPS/533192112715/axb-XX747-MGANESAN/G16DuesOc--	TRANSFER FROM 4698318162094 / 	16209	 	6,114.00	2,10,190.33
27 Nov 2025 	27 Nov 2025 	   BY TRANSFER-NEFT*YESB0000001*YESAP53315794043*Nobroker Technol--	TRANSFER FROM 99509044300 / 	4430	 	6,114.00	2,16,304.33
27 Nov 2025 	27 Nov 2025 	   BY TRANSFER-NEFT*DEUT0784PBC*DEUTN25331467373*SHYAM SANKARANAR--	TRANSFER FROM 99509044300 / 	4430	 	6,114.00	2,22,418.33
28 Nov 2025 	28 Nov 2025 	   BY TRANSFER-NEFT*YESB0000001*YESAP53325195669*Nobroker Technol--	TRANSFER FROM 99509044300 / 	4430	 	6,114.00	2,28,532.33
28 Nov 2025 	28 Nov 2025 	   BY TRANSFER-NEFT*HDFC0000001*HDFCH00638253482*BALAKRISHNAN KRI--	TRANSFER FROM 99509044300 / 	4430	 	6,731.00	2,35,263.33
29 Nov 2025 	29 Nov 2025 	   BY TRANSFER-UPI/CR/114863416341/ANKUR KU/HDFC/agarwalank/G9 Oc--	TRANSFER FROM 4897738162095 / 	32295	 	6,354.00	2,41,617.33
29 Nov 2025 	29 Nov 2025 	   BY TRANSFER-NEFT*YESB0000001*YESAP53336021562*Nobroker Technol--	TRANSFER FROM 99509044300 / 	4430	 	6,114.00	2,47,731.33

**This is a computer generated statement and does not require a signature