Account Name       :                	MANA PRISTINE FLAT OWNERS WELFARE ASSOCIATION               
Address            :	SURVEY NO 31/38/6 DODDAKANNALLI VILLAGE OFF SARJAPUR ROAD BANGALORE 560035
                                    	Bangalore
                                    	29-560035
                                    	India
Date               :                	30 Nov 2025
Account Number     :	_00000033001215401
Branch             :	KASAVANAHALLI
Interest Rate(% p.a.):	0.0
IFS Code                      	SBIN0032295
Account Type                  	Current Account
MOD Balance      :	_0.00
CIF No.          :	_86725625341
MICR Code        :	_560002296
Drawing Power      :	0.00
Balance on 1 Oct 2025        :	4,95,272.44
Start Date          :	1 Oct 2025 
End Date            :	31 Oct 2025 
Txn Date	Value Date	Description	Ref No./Cheque No.	Branch Code	        Debit	Credit	Balance	
1 Oct 2025 	1 Oct 2025 	   BY TRANSFER-IMPS/527410327969/ICI-XX184-RESHMA  /IMPS Tran--	TRANSFER FROM 4698313162099 / 	16209	 	12,000.00	5,07,272.44
1 Oct 2025 	1 Oct 2025 	   BY TRANSFER-NEFT*YESB0000001*YESAP52745780861*Nobroker Technol--	TRANSFER FROM 99509044300 / 	4430	 	6,090.00	5,13,362.44
1 Oct 2025 	1 Oct 2025 	   BY TRANSFER-NEFT*UTIB0005157*AXOIR27400919913*SAMRAT KAR*BATCH--	TRANSFER FROM 99509044300 / 	4430	 	6,000.00	5,19,362.44
1 Oct 2025 	1 Oct 2025 	   BY TRANSFER-NEFT*YESB0000001*YESAP52746024323*Nobroker Technol--	TRANSFER FROM 99509044300 / 	4430	 	6,161.00	5,25,523.44
3 Oct 2025 	3 Oct 2025 	   BY TRANSFER-INB S14 Mana Pristine--	IT0ABJCOH9               TRANSFER FROM 20179187654                         Mr. NISHANT  UPADHYAY / 	99922	 	17,240.00	5,42,763.44
3 Oct 2025 	3 Oct 2025 	   BY TRANSFER-NEFT*YESB0000001*YESAP52766226896*Nobroker Technol--	TRANSFER FROM 99509044300 / 	4430	 	8,209.00	5,50,972.44
7 Oct 2025 	7 Oct 2025 	   BY TRANSFER-NEFT*YESB0000001*YESAP52805612765*Nobroker Technol--	TRANSFER FROM 99509044300 / 	4430	 	5,200.00	5,56,172.44
8 Oct 2025 	8 Oct 2025 	CHEQUE WDL-D RAJU--209445	TRANSFER FROM 32430881220                         Mr. D  RAJU / 209445	32295	15,300.00	 	5,40,872.44
8 Oct 2025 	8 Oct 2025 	CHEQUE WDL-D RAJU--209440	TRANSFER FROM 32430881220                         Mr. D  RAJU / 209440	32295	15,000.00	 	5,25,872.44
8 Oct 2025 	8 Oct 2025 	CHEQUE WDL-D RAJU--209435	TRANSFER FROM 32430881220                         Mr. D  RAJU / 209435	32295	4,300.00	 	5,21,572.44
8 Oct 2025 	8 Oct 2025 	CHEQUE WDL-D RAJU--209433	TRANSFER FROM 32430881220                         Mr. D  RAJU / 209433	32295	3,300.00	 	5,18,272.44
8 Oct 2025 	8 Oct 2025 	CASH CHEQUE-CASH WITHDRAWAL BY CHQ--209444	 / 209444	32295	10,000.00	 	5,08,272.44
10 Oct 2025 	10 Oct 2025 	TO CLEARING-Chq 209422 Sess 4 Seq 0000011768 DIFESA SECURITY S--209422	 / 209422	40743	1,51,040.00	 	3,57,232.44
10 Oct 2025 	10 Oct 2025 	TO CLEARING-Chq 209439 Sess 4 Seq 0000011769 DIFESA SECURITY S--209439	 / 209439	40743	1,51,040.00	 	2,06,192.44
10 Oct 2025 	10 Oct 2025 	TO CLEARING-Chq 209442 Sess 4 Seq 0000011770 Mr SUBODH  PRADHA--209442	 / 209442	40743	3,000.00	 	2,03,192.44
10 Oct 2025 	10 Oct 2025 	TO CLEARING-Chq 209441 Sess 4 Seq 0000012746 ASHOK KUMAR BARIK--209441	 / 209441	40743	7,000.00	 	1,96,192.44
10 Oct 2025 	10 Oct 2025 	TO CLEARING-Chq 209436 Sess 4 Seq 0000010582 OM SAI ENTERPRISE--209436	 / 209436	40743	6,600.00	 	1,89,592.44
11 Oct 2025 	11 Oct 2025 	   BY TRANSFER-UPI/CR/112488927501/ANKUR KU/HDFC/agarwalank/G9 Se--	TRANSFER FROM 4897738162095 / 	32295	 	5,500.00	1,95,092.44
12 Oct 2025 	12 Oct 2025 	   BY TRANSFER-UPI/CR/112566121613/PULKIT G/HDFC/pulkitgupt/flat--	TRANSFER FROM 4897732162091 / 	32295	 	5,209.99	2,00,302.43
13 Oct 2025 	13 Oct 2025 	   BY TRANSFER-NEFT*YESB0000001*YESAP52857273313*Nobroker Technol--	TRANSFER FROM 99509044300 / 	4430	 	6,296.00	2,06,598.43
13 Oct 2025 	13 Oct 2025 	   BY TRANSFER-NEFT*ICIC0SF0002*ICIN128603144159*DEVENDRA SINGH R--	TRANSFER FROM 99509044300 / 	4430	 	5,084.00	2,11,682.43
13 Oct 2025 	13 Oct 2025 	   BY TRANSFER-INB Maintenance charges--	IT0ABMDQD5               TRANSFER FROM 10458393278                         Mr. MAJ PRASENJIT CHAK / 	99922	 	4,826.82	2,16,509.25
13 Oct 2025 	13 Oct 2025 	   BY TRANSFER-NEFT*HDFC0000001*HDFCH00544564819*MANISHA GHOSHAL*--	TRANSFER FROM 99509044300 / 	4430	 	4,741.00	2,21,250.25
13 Oct 2025 	13 Oct 2025 	   BY TRANSFER-NEFT*YESB0000001*YESAP52865954513*Nobroker Technol--	TRANSFER FROM 99509044300 / 	4430	 	5,794.00	2,27,044.25
13 Oct 2025 	13 Oct 2025 	TO CLEARING-Chq 209434 Sess 3 MUNIREDDY A           0000022083--209434	 / 209434	40743	18,200.00	 	2,08,844.25
13 Oct 2025 	13 Oct 2025 	TO CLEARING-Chq 209437 Sess 3 SMITHA T              0000020542--209437	 / 209437	40743	31,600.00	 	1,77,244.25
13 Oct 2025 	13 Oct 2025 	   BY TRANSFER-NEFT*YESB0000001*YESAP52866466249*Nobroker Technol--	TRANSFER FROM 99509044300 / 	4430	 	5,176.00	1,82,420.25
13 Oct 2025 	13 Oct 2025 	   BY TRANSFER-IMPS/528620940213/ICI-XX017-SURENDRA/S-1_SNB_S--	TRANSFER FROM 4698302162091 / 	16209	 	4,841.04	1,87,261.29
13 Oct 2025 	13 Oct 2025 	   BY TRANSFER-INB T1 Prashant--	IT0ABMJMC3               TRANSFER FROM 20071385409                         Mr. PRASHANT  SIKDAR / 	99922	 	6,026.00	1,93,287.29
14 Oct 2025 	14 Oct 2025 	TO CLEARING-Chq 209446 Sess 4 NOBROKER TECHNOLOGIES 0000035586--209446	 / 209446	40743	12,000.00	 	1,81,287.29
14 Oct 2025 	14 Oct 2025 	TO CLEARING-Chq 209430 Sess 4 NOBROKER TECHNOLOGIES 0000035589--209430	 / 209430	40743	2,500.00	 	1,78,787.29
14 Oct 2025 	14 Oct 2025 	   BY TRANSFER-UPI/CR/752166332051/VAMSIDHA/ICIC/9900181705/T10 S--	TRANSFER FROM 4897734162099 / 	1	 	5,796.00	1,84,583.29
14 Oct 2025 	14 Oct 2025 	   BY TRANSFER-NEFT*YESB0000001*YESAP52876006431*Nobroker Technol--	TRANSFER FROM 99509044300 / 	4430	 	5,245.00	1,89,828.29
14 Oct 2025 	14 Oct 2025 	   BY TRANSFER-NEFT*YESB0000001*YESAP52876008611*Nobroker Technol--	TRANSFER FROM 99509044300 / 	4430	 	5,605.00	1,95,433.29
14 Oct 2025 	14 Oct 2025 	   BY TRANSFER-NEFT*YESB0000001*YESAP52876232301*Nobroker Technol--	TRANSFER FROM 99509044300 / 	4430	 	6,032.00	2,01,465.29
15 Oct 2025 	15 Oct 2025 	   BY TRANSFER-NEFT*YESB0000001*YESAP52884999168*Nobroker Technol--	TRANSFER FROM 99509044300 / 	4430	 	5,304.00	2,06,769.29
15 Oct 2025 	15 Oct 2025 	   BY TRANSFER-NEFT*HDFC0000001*HDFCH00550424058*RENU R*BATCHID:0--	TRANSFER FROM 99509044300 / 	4430	 	5,148.00	2,11,917.29
15 Oct 2025 	15 Oct 2025 	   BY TRANSFER-NEFT*YESB0000001*YESAP52885510488*Nobroker Technol--	TRANSFER FROM 99509044300 / 	4430	 	4,935.00	2,16,852.29
15 Oct 2025 	15 Oct 2025 	   BY TRANSFER-NEFT*YESB0000001*YESAP52885679468*Nobroker Technol--	TRANSFER FROM 99509044300 / 	4430	 	5,151.00	2,22,003.29
16 Oct 2025 	16 Oct 2025 	   BY TRANSFER-NEFT*HDFC0000001*HDFCH00553073189*ASHWIN PANDITH*B--	TRANSFER FROM 99509044300 / 	4430	 	6,287.00	2,28,290.29
16 Oct 2025 	16 Oct 2025 	   BY TRANSFER-INB FlatF13MaintenanceSep2025--	IT0ABNCLQ0               TRANSFER FROM 10421889519                         Mrs. RAMA DEVI S / 	99922	 	5,226.00	2,33,516.29
16 Oct 2025 	16 Oct 2025 	   BY TRANSFER-INB FlatS13MaintenanceSep2025--	IT0ABNCMZ0               TRANSFER FROM 10421889519                         Mrs. RAMA DEVI S / 	99922	 	5,067.00	2,38,583.29
16 Oct 2025 	16 Oct 2025 	   BY TRANSFER-NEFT*YESB0000001*YESAP52896172967*Nobroker Technol--	TRANSFER FROM 99509044300 / 	4430	 	4,975.00	2,43,558.29
16 Oct 2025 	16 Oct 2025 	   BY TRANSFER-NEFT*YESB0000001*YESAP52896302459*Nobroker Technol--	TRANSFER FROM 99509044300 / 	4430	 	5,911.00	2,49,469.29
17 Oct 2025 	17 Oct 2025 	   BY TRANSFER-NEFT*ICIC0SF0002*ICIN129003813944*PAWAN SUBHASH*BA--	TRANSFER FROM 99509044300 / 	4430	 	5,205.00	2,54,674.29
17 Oct 2025 	17 Oct 2025 	   BY TRANSFER-NEFT*YESB0000001*YESAP52905286638*Nobroker Technol--	TRANSFER FROM 99509044300 / 	4430	 	5,603.00	2,60,277.29
18 Oct 2025 	18 Oct 2025 	   BY TRANSFER-NEFT*YESB0000001*YESAP52915229090*Nobroker Technol--	TRANSFER FROM 99509044300 / 	4430	 	4,769.00	2,65,046.29
18 Oct 2025 	18 Oct 2025 	   BY TRANSFER-NEFT*HDFC0000001*HDFCH00560166141*N GEETHA*BATCHID--	TRANSFER FROM 99509044300 / 	4430	 	4,780.00	2,69,826.29
20 Oct 2025 	20 Oct 2025 	   BY TRANSFER-NEFT*YESB0000001*YESAP52935800733*Nobroker Technol--	TRANSFER FROM 99509044300 / 	4430	 	4,935.00	2,74,761.29
21 Oct 2025 	21 Oct 2025 	   BY TRANSFER-NEFT*YESB0000001*YESAP52945851065*Nobroker Technol--	TRANSFER FROM 99509044300 / 	4430	 	5,264.00	2,80,025.29
22 Oct 2025 	22 Oct 2025 	   BY TRANSFER-NEFT*YESB0000001*YESAP52954487587*Nobroker Technol--	TRANSFER FROM 99509044300 / 	4430	 	4,997.00	2,85,022.29
22 Oct 2025 	22 Oct 2025 	   BY TRANSFER-IMPS/529519816944/ICI-XX379-KASIBHAT/G2 Mainte--	TRANSFER FROM 4698313162099 / 	16209	 	7,311.21	2,92,333.50
23 Oct 2025 	23 Oct 2025 	   BY TRANSFER-IMPS/529605137115/RE1-XX196-ABHISHEK/G5 Mainte--	TRANSFER FROM 4698318162094 / 	16209	 	6,000.00	2,98,333.50
23 Oct 2025 	23 Oct 2025 	   BY TRANSFER-IMPS/529653160688/axb-XX747-MGANESAN/G16SEP202--	TRANSFER FROM 4698318162094 / 	16209	 	4,944.00	3,03,277.50
23 Oct 2025 	23 Oct 2025 	   BY TRANSFER-NEFT*YESB0000001*YESAP52964636307*Nobroker Technol--	TRANSFER FROM 99509044300 / 	4430	 	5,775.00	3,09,052.50
23 Oct 2025 	23 Oct 2025 	TO CLEARING-Chq 209443 Sess 2 SMARTERHOMES TECHNOLO 0000010760--209443	 / 209443	40743	26,272.00	 	2,82,780.50
23 Oct 2025 	23 Oct 2025 	   BY TRANSFER-NEFT*HDFC0000001*HDFCH00567499635*BALAKRISHNAN KRI--	TRANSFER FROM 99509044300 / 	4430	 	5,742.00	2,88,522.50
24 Oct 2025 	24 Oct 2025 	   BY TRANSFER-NEFT*YESB0000001*YESAP52974745260*Nobroker Technol--	TRANSFER FROM 99509044300 / 	4430	 	5,031.00	2,93,553.50
24 Oct 2025 	24 Oct 2025 	TO CLEARING-Chq 209438 Sess 6 ASSISTANT EXECUTIVE E 0000047899--209438	 / 209438	40743	33,186.00	 	2,60,367.50
25 Oct 2025 	25 Oct 2025 	   BY TRANSFER-NEFT*YESB0000001*YESAP52985418365*Nobroker Technol--	TRANSFER FROM 99509044300 / 	4430	 	4,881.00	2,65,248.50
25 Oct 2025 	25 Oct 2025 	   BY TRANSFER-NEFT*UTIB0000423*AXOMB29802076181*IYER GANESH BALA--	TRANSFER FROM 99509044300 / 	4430	 	4,776.00	2,70,024.50
25 Oct 2025 	25 Oct 2025 	   BY TRANSFER-NEFT*YESB0000001*YESAP52985532143*Nobroker Technol--	TRANSFER FROM 99509044300 / 	4430	 	4,741.00	2,74,765.50
26 Oct 2025 	26 Oct 2025 	   BY TRANSFER-NEFT*DEUT0784PBC*DEUTN25299100608*SHYAM SANKARANAR--	TRANSFER FROM 99509044300 / 	4430	 	4,978.00	2,79,743.50
26 Oct 2025 	26 Oct 2025 	   BY TRANSFER-NEFT*UTIB0005157*AXOMB29902078451*A IRUDAYARAJ ALW--	TRANSFER FROM 99509044300 / 	4430	 	5,862.45	2,85,605.95
27 Oct 2025 	27 Oct 2025 	   BY TRANSFER-NEFT*YESB0000001*YESAP53005483029*Nobroker Technol--	TRANSFER FROM 99509044300 / 	4430	 	5,154.00	2,90,759.95
29 Oct 2025 	29 Oct 2025 	   BY TRANSFER-NEFT*YESB0000001*YESAP53024918573*Nobroker Technol--	TRANSFER FROM 99509044300 / 	4430	 	5,135.00	2,95,894.95
29 Oct 2025 	29 Oct 2025 	   BY TRANSFER-NEFT*YESB0000001*YESAP53025585494*Nobroker Technol--	TRANSFER FROM 99509044300 / 	4430	 	5,237.00	3,01,131.95
30 Oct 2025 	30 Oct 2025 	   BY TRANSFER-NEFT*YESB0000001*YESAP53034861247*Nobroker Technol--	TRANSFER FROM 99509044300 / 	4430	 	5,511.00	3,06,642.95

**This is a computer generated statement and does not require a signature