Account Name       :                	MANA PRISTINE FLAT OWNERS WELFARE ASSOCIATION               
Address            :	SURVEY NO 31/38/6 DODDAKANNALLI VILLAGE OFF SARJAPUR ROAD BANGALORE 560035
                                    	Bangalore
                                    	29-560035
                                    	India
Date               :                	30 Nov 2025
Account Number     :	_00000033001215401
Branch             :	KASAVANAHALLI
Interest Rate(% p.a.):	0.0
IFS Code                      	SBIN0032295
Account Type                  	Current Account
MOD Balance      :	_0.00
CIF No.          :	_86725625341
MICR Code        :	_560002296
Drawing Power      :	0.00
Balance on 1 Sep 2025        :	3,01,829.30
Start Date          :	1 Sep 2025 
End Date            :	30 Sep 2025 
Txn Date	Value Date	Description	Ref No./Cheque No.	Branch Code	        Debit	Credit	Balance	
1 Sep 2025 	1 Sep 2025 	   BY TRANSFER-NEFT*UTIB0005157*AXOIR24400913433*SAMRAT KAR*BATCH--	TRANSFER FROM 99509044300 / 	4430	 	6,000.00	3,07,829.30
6 Sep 2025 	6 Sep 2025 	   BY TRANSFER-INB FlatF13MaintenanceJuly25--	IT0ABCGHI9               TRANSFER FROM 10421889519                         Mrs. RAMA DEVI S / 	99922	 	6,253.71	3,14,083.01
6 Sep 2025 	6 Sep 2025 	   BY TRANSFER-INB FlatF13MaintenanceAug2025--	IT0ABCGHL1               TRANSFER FROM 10421889519                         Mrs. RAMA DEVI S / 	99922	 	6,252.77	3,20,335.78
6 Sep 2025 	6 Sep 2025 	   BY TRANSFER-INB FlatS13MaintenanceJuly25--	IT0ABCGIF1               TRANSFER FROM 10421889519                         Mrs. RAMA DEVI S / 	99922	 	5,522.32	3,25,858.10
6 Sep 2025 	6 Sep 2025 	   BY TRANSFER-INB FlatS13MaintenanceAug2025--	IT0ABCGII1               TRANSFER FROM 10421889519                         Mrs. RAMA DEVI S / 	99922	 	6,028.01	3,31,886.11
6 Sep 2025 	6 Sep 2025 	   BY TRANSFER-NEFT*IDFB0010201*IDFBH25249126321*RAZORPAYX ESCROW--	TRANSFER FROM 99509044300 / 	4430	 	31,153.00	3,63,039.11
6 Sep 2025 	6 Sep 2025 	   BY TRANSFER-IMPS/524920879308/ICI-XX017-SURENDRA/S-1_SNB_A--	TRANSFER FROM 4698328162092 / 	16209	 	5,581.91	3,68,621.02
6 Sep 2025 	6 Sep 2025 	   BY TRANSFER-UPI/CR/524938919013/TECHVENO/HDFC/7033090806/Sent--	TRANSFER FROM 4897738162095 / 	32295	 	26,147.00	3,94,768.02
7 Sep 2025 	7 Sep 2025 	   BY TRANSFER-UPI/CR/561576049890/HARSHITA/PUNB/haporwal97/T3 MA--	TRANSFER FROM 4897738162095 / 	32295	 	6,343.00	4,01,111.02
7 Sep 2025 	7 Sep 2025 	   BY TRANSFER-UPI/CR/525056418573/VINYAS R/ICIC/1551358457/T 7 A--	TRANSFER FROM 4897732162091 / 	32295	 	5,777.61	4,06,888.63
7 Sep 2025 	7 Sep 2025 	   BY TRANSFER-UPI/CR/110897110402/RANJITH /HDFC/foreverran/G8 ma--	TRANSFER FROM 4897732162091 / 	32295	 	6,108.00	4,12,996.63
7 Sep 2025 	7 Sep 2025 	   BY TRANSFER-SBIYA25250115203274589088-G13 Jul Aug 20--	TRANSFER FROM 20069779779                         Mr. AJAI  BALACHANDRAN / 	61034	 	12,208.00	4,25,204.63
7 Sep 2025 	7 Sep 2025 	   BY TRANSFER-UPI/CR/110906499215/ANKUR KU/HDFC/agarwalank/G9 Au--	TRANSFER FROM 4897732162091 / 	32295	 	5,869.00	4,31,073.63
7 Sep 2025 	7 Sep 2025 	   BY TRANSFER-NEFT*HDFC0000001*HDFCH00469469623*MANISHA GHOSHAL*--	TRANSFER FROM 99509044300 / 	4430	 	5,108.00	4,36,181.63
7 Sep 2025 	7 Sep 2025 	   BY TRANSFER-UPI/CR/561694577268/PULKIT G/HDFC/pulkitgupt/UPI--	TRANSFER FROM 4897732162091 / 	32295	 	7,050.00	4,43,231.63
7 Sep 2025 	7 Sep 2025 	   BY TRANSFER-NEFT*IDFB0010201*IDFBH25250202283*RAZORPAYX ESCROW--	TRANSFER FROM 99509044300 / 	4430	 	5,121.00	4,48,352.63
7 Sep 2025 	7 Sep 2025 	   BY TRANSFER-NEFT*IDFB0010201*IDFBH25250203110*RAZORPAYX ESCROW--	TRANSFER FROM 99509044300 / 	4430	 	5,840.00	4,54,192.63
7 Sep 2025 	7 Sep 2025 	   BY TRANSFER-NEFT*ICIC0SF0002*ICIN125096163670*MOHIT DAGA*BATCH--	TRANSFER FROM 99509044300 / 	4430	 	5,212.00	4,59,404.63
7 Sep 2025 	7 Sep 2025 	   BY TRANSFER-SBIYA25250202003544961090-G10 maintenanc--	TRANSFER FROM 33028750866                         Mr. CIJO  JACOB / 	61034	 	6,008.00	4,65,412.63
8 Sep 2025 	8 Sep 2025 	   BY TRANSFER-INB Maintenance charges--	IT0ABCPPV1               TRANSFER FROM 10458393278                         Mr. MAJ PRASENJIT CHAK / 	99922	 	5,695.22	4,71,107.85
8 Sep 2025 	8 Sep 2025 	   BY TRANSFER-NEFT*IDFB0010201*IDFBH25251403297*RAZORPAYX ESCROW--	TRANSFER FROM 99509044300 / 	4430	 	5,290.00	4,76,397.85
8 Sep 2025 	8 Sep 2025 	   BY TRANSFER-IMPS/525122077625/ICI-XX184-RESHMA  /IMPS Tran--	TRANSFER FROM 4698302162091 / 	16209	 	12,000.00	4,88,397.85
9 Sep 2025 	9 Sep 2025 	   BY TRANSFER-IMPS/525238670485/axb-XX808-VIVEKDHI/IMPS--	TRANSFER FROM 4698308162095 / 	16209	 	15,000.00	5,03,397.85
9 Sep 2025 	9 Sep 2025 	   BY TRANSFER-NEFT*ICIC0SF0002*ICIN125296514827*PAWAN SUBHASH*BA--	TRANSFER FROM 99509044300 / 	4430	 	6,000.00	5,09,397.85
9 Sep 2025 	9 Sep 2025 	CHEQUE WDL-CHEQUE TRANSFER TO--209426	TRANSFER FROM 32430881220                         Mr. D  RAJU / 209426	32295	4,800.00	 	5,04,597.85
9 Sep 2025 	9 Sep 2025 	CHEQUE WDL-CHEQUE TRANSFER TO--209424	TRANSFER FROM 32430881220                         Mr. D  RAJU / 209424	32295	15,000.00	 	4,89,597.85
9 Sep 2025 	9 Sep 2025 	CHEQUE WDL-CHEQUE TRANSFER TO--209425	TRANSFER FROM 32430881220                         Mr. D  RAJU / 209425	32295	5,750.00	 	4,83,847.85
9 Sep 2025 	9 Sep 2025 	CASH CHEQUE-CASH WITHDRAWAL BY CHQ--209431	 / 209431	32295	10,000.00	 	4,73,847.85
9 Sep 2025 	9 Sep 2025 	   BY TRANSFER-NEFT*UTIB0001888*AXOMB25202185593*IRUDAYARAJ ALWIN--	TRANSFER FROM 99509044300 / 	4430	 	6,981.26	4,80,829.11
9 Sep 2025 	9 Sep 2025 	   BY TRANSFER-NEFT*IDFB0010201*IDFBH25252656409*RAZORPAYX ESCROW--	TRANSFER FROM 99509044300 / 	4430	 	5,377.00	4,86,206.11
10 Sep 2025 	10 Sep 2025 	   BY TRANSFER-IMPS/525308181567/RE1-XX196-ABHISHEK/G5 Aug202--	TRANSFER FROM 4698313162099 / 	16209	 	11,102.41	4,97,308.52
11 Sep 2025 	11 Sep 2025 	TO CLEARING-Chq No. 209421 AXS   MUNIREDDY A--209421	 / 209421	40743	23,100.00	 	4,74,208.52
11 Sep 2025 	11 Sep 2025 	   BY TRANSFER-NEFT*ICIC0SF0002*ICIN125496997975*DEVENDRA SINGH R--	TRANSFER FROM 99509044300 / 	4430	 	5,931.00	4,80,139.52
12 Sep 2025 	12 Sep 2025 	TO CLEARING-Chq No. 209427 CAB   ASHOK KUMAR BARIK--209427	 / 209427	40743	7,000.00	 	4,73,139.52
12 Sep 2025 	12 Sep 2025 	TO CLEARING-Chq No. 209420 BOB   SMITHA T--209420	 / 209420	40743	31,600.00	 	4,41,539.52
13 Sep 2025 	13 Sep 2025 	   BY TRANSFER-NEFT*IDFB0010201*IDFBH25256317947*RAZORPAYX ESCROW--	TRANSFER FROM 99509044300 / 	4430	 	5,457.00	4,46,996.52
16 Sep 2025 	16 Sep 2025 	TO CLEARING-Chq No. 209432 ICI   SARA SERVICES--209432	 / 209432	40743	21,000.00	 	4,25,996.52
16 Sep 2025 	16 Sep 2025 	TO CLEARING-Chq No. 209417 AXS   OM SAI ENTERPRISES--209417	 / 209417	40743	6,600.00	 	4,19,396.52
16 Sep 2025 	16 Sep 2025 	TO CLEARING-Chq No. 209428 BOM   Mr SUBODH  PRADHAN--209428	 / 209428	40743	3,000.00	 	4,16,396.52
16 Sep 2025 	16 Sep 2025 	   BY TRANSFER-IMPS/525916661519/ICI-XX379-KASIBHAT/G2 Maint--	TRANSFER FROM 4698308162095 / 	16209	 	6,772.92	4,23,169.44
20 Sep 2025 	20 Sep 2025 	TO CLEARING-Chq No. 209429 KOT   SMARTERHOMES TECHNOLOGIE--209429	 / 209429	40743	26,272.00	 	3,96,897.44
22 Sep 2025 	22 Sep 2025 	   BY TRANSFER-NEFT*IDFB0010201*IDFBH25265502758*RAZORPAYX ESCROW--	TRANSFER FROM 99509044300 / 	4430	 	5,790.00	4,02,687.44
22 Sep 2025 	22 Sep 2025 	   BY TRANSFER-NEFT*IDFB0010201*IDFBH25265506549*RAZORPAYX ESCROW--	TRANSFER FROM 99509044300 / 	4430	 	5,905.00	4,08,592.44
22 Sep 2025 	22 Sep 2025 	   BY TRANSFER-NEFT*HDFC0000001*HDFCH00497530872*RENU R*BATCHID:0--	TRANSFER FROM 99509044300 / 	4430	 	5,554.00	4,14,146.44
22 Sep 2025 	22 Sep 2025 	   BY TRANSFER-NEFT*UTIB0005157*AXOIR26500913143*VIMAL N K*BATCHI--	TRANSFER FROM 99509044300 / 	4430	 	5,939.00	4,20,085.44
23 Sep 2025 	23 Sep 2025 	   BY TRANSFER-NEFT*HDFC0000001*HDFCH00499306673*N GEETHA*BATCHID--	TRANSFER FROM 99509044300 / 	4430	 	5,218.00	4,25,303.44
23 Sep 2025 	23 Sep 2025 	   BY TRANSFER-NEFT*IDFB0010201*IDFBH25266698776*RAZORPAYX ESCROW--	TRANSFER FROM 99509044300 / 	4430	 	6,393.00	4,31,696.44
23 Sep 2025 	23 Sep 2025 	   BY TRANSFER-NEFT*IDFB0010201*IDFBH25266726307*RAZORPAYX ESCROW--	TRANSFER FROM 99509044300 / 	4430	 	5,434.00	4,37,130.44
23 Sep 2025 	23 Sep 2025 	   BY TRANSFER-IMPS/526620681037/ICI-XX312-SHAILESH/IMPS Tran--	TRANSFER FROM 4698308162095 / 	16209	 	5,497.00	4,42,627.44
23 Sep 2025 	23 Sep 2025 	   BY TRANSFER-NEFT*IDFB0010201*IDFBH25266835747*RAZORPAYX ESCROW--	TRANSFER FROM 99509044300 / 	4430	 	5,439.00	4,48,066.44
23 Sep 2025 	23 Sep 2025 	   BY TRANSFER-INB T1 Prashant--	IT0ABGJHY9               TRANSFER FROM 20071385409                         Mr. PRASHANT  SIKDAR / 	99922	 	6,417.00	4,54,483.44
24 Sep 2025 	24 Sep 2025 	TO CLEARING-Chq No. 209419 BOB   ASSISTANT EXECUTIVE ENGIN--209419	 / 209419	40743	29,960.00	 	4,24,523.44
24 Sep 2025 	24 Sep 2025 	   BY TRANSFER-IMPS/526720630914/axb-XX747-MGANESAN/G16AUG202--	TRANSFER FROM 4698313162099 / 	16209	 	7,235.00	4,31,758.44
24 Sep 2025 	24 Sep 2025 	   BY TRANSFER-NEFT*IDFB0010201*IDFBH25267855753*RAZORPAYX ESCROW--	TRANSFER FROM 99509044300 / 	4430	 	6,788.00	4,38,546.44
24 Sep 2025 	24 Sep 2025 	   BY TRANSFER-NEFT*IDFB0010201*IDFBH25267856112*RAZORPAYX ESCROW--	TRANSFER FROM 99509044300 / 	4430	 	5,168.00	4,43,714.44
25 Sep 2025 	25 Sep 2025 	   BY TRANSFER-NEFT*IDFB0010201*IDFBH25268019028*RAZORPAYX ESCROW--	TRANSFER FROM 99509044300 / 	4430	 	6,487.00	4,50,201.44
25 Sep 2025 	25 Sep 2025 	   BY TRANSFER-NEFT*IDFB0010201*IDFBH25268019588*RAZORPAYX ESCROW--	TRANSFER FROM 99509044300 / 	4430	 	5,635.00	4,55,836.44
25 Sep 2025 	25 Sep 2025 	   BY TRANSFER-NEFT*IDFB0010201*IDFBH25268033900*RAZORPAYX ESCROW--	TRANSFER FROM 99509044300 / 	4430	 	6,533.00	4,62,369.44
26 Sep 2025 	26 Sep 2025 	   BY TRANSFER-NEFT*DEUT0784PBC*DEUTN25268737051*SHYAM SANKARANAR--	TRANSFER FROM 99509044300 / 	4430	 	6,119.00	4,68,488.44
26 Sep 2025 	26 Sep 2025 	   BY TRANSFER-SBIYA25269111902634425206-G10 maintenanc--	TRANSFER FROM 33028750866                         Mr. CIJO  JACOB / 	61034	 	6,000.00	4,74,488.44
26 Sep 2025 	26 Sep 2025 	   BY TRANSFER-UPI/CR/066904068675/VAMSIDHA/ICIC/9900181705/T10 A--	TRANSFER FROM 4897737162096 / 	1	 	7,000.00	4,81,488.44
26 Sep 2025 	26 Sep 2025 	   BY TRANSFER-UPI/CR/633401790179/VAMSIDHA/ICIC/9900181705/T10 A--	TRANSFER FROM 4897737162096 / 	1	 	2,000.00	4,83,488.44
29 Sep 2025 	29 Sep 2025 	   BY TRANSFER-NEFT*YESB0000001*YESAP52726632596*Nobroker Technol--	TRANSFER FROM 99509044300 / 	4430	 	5,226.00	4,88,714.44
30 Sep 2025 	30 Sep 2025 	   BY TRANSFER-NEFT*HDFC0000001*HDFCH00515494068*BALAKRISHNAN KRI--	TRANSFER FROM 99509044300 / 	4430	 	6,558.00	4,95,272.44

**This is a computer generated statement and does not require a signature