Account Name       :                	MANA PRISTINE FLAT OWNERS WELFARE ASSOCIATION               
Address            :	SURVEY NO 31/38/6 DODDAKANNALLI VILLAGE OFF SARJAPUR ROAD BANGALORE 560035
                                    	Bangalore
                                    	29-560035
                                    	India
Date               :                	30 Nov 2025
Account Number     :	_00000043532701116
Branch             :	KASAVANAHALLI
Interest Rate(% p.a.):	0.0
IFS Code                      	SBIN0032295
Account Type                  	Current Account
MOD Balance      :	_0.00
CIF No.          :	_86725625341
MICR Code        :	_560002296
Drawing Power      :	0.00
Balance on 1 Apr 2025        :	35,56,413.30
Start Date          :	1 Apr 2025 
End Date            :	30 Nov 2025 
Txn Date	Value Date	Description	Ref No./Cheque No.	Branch Code	        Debit	Credit	Balance	
1 Apr 2025 	1 Apr 2025 	   BY TRANSFER-NEFT*ICIC0SF0002*ICIN109176443201*MOHIT DAGA*BATCH--	TRANSFER FROM 99509044300 / 	4430	 	20,000.00	35,76,413.30
3 Apr 2025 	3 Apr 2025 	TO CLEARING-Chq No. 266712 AXS   VARNA CREATIONS--266712	 / 266712	40743	3,19,066.00	 	32,57,347.30
3 Apr 2025 	3 Apr 2025 	   BY TRANSFER-UPI/CR/102506956622/RANJITH /HDFC/foreverran/paint--	TRANSFER FROM 4897736162097 / 	32295	 	20,000.00	32,77,347.30
7 Apr 2025 	7 Apr 2025 	TO CLEARING-Chq No. 266713 FBL   AJITHANATHMULTIPURPOS--266713	 / 266713	40743	16,000.00	 	32,61,347.30
14 Apr 2025 	14 Apr 2025 	   BY TRANSFER-INB Ext Painting and masonry--	IT00ZNEYQ6               TRANSFER FROM 10458393278                          MAJ PRASENJIT CHAKRAV / 	99922	 	24,545.00	32,85,892.30
21 Apr 2025 	21 Apr 2025 	TO CLEARING-Chq No. 266715 ICI   LEO PATRICK--266715	 / 266715	40743	1,00,000.00	 	31,85,892.30
12 May 2025 	12 May 2025 	TO CLEARING-Chq No. 266717 AXS   VARNA CREATIONS--266717	 / 266717	40743	7,44,487.00	 	24,41,405.30
24 Jun 2025 	24 Jun 2025 	   BY TRANSFER-IMPS/517562327187/axb-XX716-SURENDRA/Others--	TRANSFER FROM 4698308162095 / 	16209	 	41,163.00	24,82,568.30
7 Jul 2025 	7 Jul 2025 	   BY TRANSFER-INB Pigeon net share--	IT0AALGHL6               TRANSFER FROM 10458393278                          MAJ PRASENJIT CHAKRAV / 	99922	 	141.00	24,82,709.30
11 Jul 2025 	11 Jul 2025 	TO CLEARING-Chq No. 266718 UBI   SURADA CHANTI--266718	 / 266718	40743	9,000.00	 	24,73,709.30
18 Jul 2025 	18 Jul 2025 	   BY TRANSFER-IMPS/519910053178/ICI-XX178-SONAL SI/S2 flat c--	TRANSFER FROM 4698323162097 / 	16209	 	60,000.00	25,33,709.30
21 Jul 2025 	21 Jul 2025 	TO CLEARING-Chq No. 266719 AXS   VARNA CREATIONS--266719	 / 266719	40743	9,00,000.00	 	16,33,709.30
21 Jul 2025 	21 Jul 2025 	   BY TRANSFER-INB Terrace sheet expenses--	IT0AAOTVD9               TRANSFER FROM 10458393278                         Mr. MAJ PRASENJIT CHAK / 	99922	 	484.38	16,34,193.68
21 Jul 2025 	21 Jul 2025 	CHEQUE WDL-CHEQUE TRANSFER TO--266721	TRANSFER FROM 20344301203                         Mr. M  SUBRAMANAYAM / 266721	32295	10,000.00	 	16,24,193.68
21 Jul 2025 	21 Jul 2025 	   BY TRANSFER-IMPS/520294799128/axb-XX716-SURENDRA/Others--	TRANSFER FROM 4698302162091 / 	16209	 	625.38	16,24,819.06
23 Jul 2025 	23 Jul 2025 	TO CLEARING-Chq No. 266720 ICI   LEO PATRICK--266720	 / 266720	40743	67,000.00	 	15,57,819.06
7 Aug 2025 	7 Aug 2025 	CHEQUE WDL-CHEQUE TRANSFER TO--266723	TRANSFER FROM 20344301203                         Mr. M  SUBRAMANAYAM / 266723	32295	31,691.00	 	15,26,128.06
7 Aug 2025 	7 Aug 2025 	CHEQUE WDL-CHEQUE TRANSFER TO--266722	TRANSFER FROM 20344301203                         Mr. M  SUBRAMANAYAM / 266722	32295	21,000.00	 	15,05,128.06
13 Oct 2025 	13 Oct 2025 	CHEQUE WDL-CHEQUE TRANSFER TO--266724	TRANSFER FROM 40042304875                         Mrs. Sneha  R / 266724	32295	50,000.00	 	14,55,128.06
18 Oct 2025 	18 Oct 2025 	TO CLEARING-Chq 266725 Sess 2 VARNA CREATIONS       0000193868--266725	 / 266725	40743	7,28,891.00	 	7,26,237.06

**This is a computer generated statement and does not require a signature