Account Number               :	_00000033001215401
Description                  :	CURRENT A/C - COLLECTION A/C
Name                         :	MANA PRISTINE FLAT OWNERS WELFARE ASSOCIATION               
Currency                     :	INR
Corporate Address            :	SY NO.31/38/6, CHIKKENAHALLI MAIN ROAD,OFF SARJAPUR ROAD
                              	
                              	BANGALORE
                              	KARNATAKA-560035
Branch                       :	KASAVANAHALLI(32295)
Rate of Interest (% p.a.)    :	0.0% 
IFS Code                     :	SBIN0032295
Book Balance                 :	267594.22
Available Balance            :	267594.22
Hold Value                   :	0.00
MOD Balance             :	0.00
Uncleared Amount             :	0.00
Balance on 1 Aug 2023        :	4,70,943.86
Start Date                   :	1 Aug 2023
End Date                     :	31 Aug 2023
Txn Date	Value Date	Description	Ref No./Cheque No.	Branch Code	        Debit	Credit	Balance	
01/08/2023	01/08/2023	   BY TRANSFER-NEFT*CITI0000004*CITIN23402838760*SAMRAT KAR*CBOL--	TRANSFER FROM 4697218044300 / 	4430	 	5500.00	476443.86
01/08/2023	01/08/2023	   BY TRANSFER-INB IMPS321326070857/9999999999/XX0617/FlatF06Apt--	MAE000318732480          MAE000318732480          TRANSFER FROM 4897964162097 / 	99922	 	4207.00	480650.86
01/08/2023	01/08/2023	   BY TRANSFER-INB IMPS321327105176/9999999999/XX0617/FlatF15Apt--	MAD000350684060          MAD000350684060          TRANSFER FROM 4897966162095 / 	99922	 	10609.00	491259.86
04/08/2023	04/08/2023	   BY TRANSFER-INB IMPS321626053844/9999999999/XX0617/FlatG02Apt--	MAD000352496165          MAD000352496165          TRANSFER FROM 4898008162097 / 	99922	 	6006.30	497266.16
04/08/2023	04/08/2023	   BY TRANSFER-INB IMPS321628094348/9999999999/XX0617/FlatT09Apt--	MAB001242646233          MAB001242646233          TRANSFER FROM 4898009162096 / 	99922	 	10000.00	507266.16
06/08/2023	06/08/2023	   BY TRANSFER-NEFT*HDFC0000001*N218232581994410*RANJITH KUMAR RA--	TRANSFER FROM 3199965044307 / 	4430	 	21853.00	529119.16
06/08/2023	06/08/2023	   BY TRANSFER-INB IMPS321826028506/9999999999/XX0617/FlatS02Apt--	MAB001243388583          MAB001243388583          TRANSFER FROM 4898038162092 / 	99922	 	5510.00	534629.16
08/08/2023	08/08/2023	CHEQUE WDL-CHEQUE TRANSFER TO--452331	TRANSFER FROM 32430881220                         Mr. D  RAJU / 452331	32295	15000.00	 	519629.16
08/08/2023	08/08/2023	CHEQUE WDL-CHEQUE TRANSFER TO--452329	TRANSFER FROM 32430881220                         Mr. D  RAJU / 452329	32295	4700.00	 	514929.16
11/08/2023	11/08/2023	TO CLEARING-Chq No. 452332 FBL   AJITHANATHMULTIPURPOS--452332	 / 452332	40743	5000.00	 	509929.16
11/08/2023	11/08/2023	TO CLEARING-Chq No. 452333 FBL   AJITHANATHMULTIPURPOS--452333	 / 452333	40743	5935.00	 	503994.16
11/08/2023	11/08/2023	TO CLEARING-Chq No. 452339 AXS   MUNIREDDY A--452339	 / 452339	40743	16000.00	 	487994.16
11/08/2023	11/08/2023	TO CLEARING-Chq No. 452335 BOB   SMITHA T--452335	 / 452335	40743	31600.00	 	456394.16
14/08/2023	14/08/2023	   BY TRANSFER-INB IMPS322625009666/9999999999/XX0617/FlatF10Apt--	MAC001319297983          MAC001319297983          TRANSFER FROM 4897953162099 / 	99922	 	20934.00	477328.16
14/08/2023	14/08/2023	   BY TRANSFER-INB IMPS322628076536/9999999999/XX0617/FlatT10Apt--	MAA001369666562          MAA001369666562          TRANSFER FROM 4897948162096 / 	99922	 	9206.00	486534.16
15/08/2023	15/08/2023	   BY TRANSFER-INB IMPS322713308209/8437765324/XX2570/Maintenanc--	MAD000359349032          MAD000359349032          TRANSFER FROM 4897969162092 / 	99922	 	5153.00	491687.16
15/08/2023	15/08/2023	   BY TRANSFER-NEFT*UTIB0000423*AXOMB32278188080*IYER GANESH BALA--	TRANSFER FROM 3199413044306 / 	4430	 	8956.00	500643.16
15/08/2023	15/08/2023	   BY TRANSFER-INB MBS F9 july2023 maintenence--	UTC3625739               TRANSFER FROM 20073304017                         Mr. VIJAY  SUSWARAM / 	99922	 	4755.00	505398.16
15/08/2023	15/08/2023	   BY TRANSFER-NEFT*HDFC0000001*N227232597029086*AMEET SATISH TAL--	TRANSFER FROM 4697187044302 / 	4430	 	4590.64	509988.80
15/08/2023	15/08/2023	   BY TRANSFER-INB MBS F8 maint July 2023--	UTC3629592               TRANSFER FROM 20074524190                         Mr. SREEJITH  MENON / 	99922	 	4821.00	514809.80
15/08/2023	15/08/2023	   BY TRANSFER-NEFT*CITI0000004*CITIN23408832012*MS. JEYARANI JEG--	TRANSFER FROM 3199678044303 / 	4430	 	5132.00	519941.80
15/08/2023	15/08/2023	   BY TRANSFER-NEFT*CITI0000004*CITIN23408832011*MS. JEYARANI JEG--	TRANSFER FROM 3199679044302 / 	4430	 	4289.00	524230.80
16/08/2023	16/08/2023	   BY TRANSFER-NEFT*CITI0000004*CITIN23408902251*SURESH NALLUSAMY--	TRANSFER FROM 3199411044308 / 	4430	 	14603.85	538834.65
16/08/2023	16/08/2023	TO CLEARING-Chq No. 452340 V VENKATESH Br--452340	 / 452340	40743	2800.00	 	536034.65
16/08/2023	16/08/2023	TO CLEARING-Chq No. 452337 BOM   DIFESA SECURITY SERVICES--452337	 / 452337	40743	120360.00	 	415674.65
16/08/2023	16/08/2023	TO CLEARING-Chq No. 452336 BOB   BESCOM ASST EXE ENGG S 11--452336	 / 452336	40743	34105.00	 	381569.65
16/08/2023	16/08/2023	   BY TRANSFER-NEFT*HDFC0000001*N228232597368386*BALAKRISHNAN KRI--	TRANSFER FROM 4697233044301 / 	4430	 	5250.00	386819.65
16/08/2023	16/08/2023	   BY TRANSFER-UPI/CR/322838025507/ANKUR KU/HDFC/agarwalank/UPI--	TRANSFER FROM 4897734162099 / 	32295	 	5303.00	392122.65
16/08/2023	16/08/2023	   BY TRANSFER-NEFT*ICIC0SF0002*HS92322813070694*SURENDRANATH BEH--	TRANSFER FROM 4697179044302 / 	4430	 	4614.34	396736.99
17/08/2023	17/08/2023	TO CLEARING-Chq No. 452334 AXS   OM SAI ENTERPRISES--452334	 / 452334	40743	6600.00	 	390136.99
18/08/2023	18/08/2023	TO CLEARING-Chq No. 452342 BOB   SMITHA T--452342	 / 452342	40743	22400.00	 	367736.99
18/08/2023	18/08/2023	   BY TRANSFER-INB Maintenance Charges--	IT00RZBDN6               TRANSFER FROM 10458393278                          MAJ PRASENJIT CHAKRAV / 	99922	 	4733.00	372469.99
18/08/2023	18/08/2023	   BY TRANSFER-NEFT*UTIB0000009*AXOMB32307697758*ANKIT CHANDRA RA--	TRANSFER FROM 4697217044301 / 	4430	 	4866.00	377335.99
19/08/2023	19/08/2023	TO CLEARING-Chq No. 452341 KOT   SMARTERHOMES TECHNOLOGIE--452341	 / 452341	40743	23830.00	 	353505.99
19/08/2023	19/08/2023	TO CLEARING-Chq No. 452349 CAB   RAVI--452349	 / 452349	40743	12050.00	 	341455.99
19/08/2023	19/08/2023	   BY TRANSFER-INB T1 Prashant Maintenance--	IT00RZIKB4               TRANSFER FROM 20071385409                         Mr. PRASHANT  SIKDAR / 	99922	 	6068.00	347523.99
19/08/2023	19/08/2023	   BY TRANSFER-INB IMPS323126071878/9999999999/XX0617/FlatG14Apt--	MAD000361698877          MAD000361698877          TRANSFER FROM 4898027162095 / 	99922	 	5080.00	352603.99
20/08/2023	20/08/2023	   BY TRANSFER-NEFT*BKID0000200*BKIDN23232759833*VAISHNAVI GUPTA*--	TRANSFER FROM 4697239044305 / 	4430	 	4992.00	357595.99
21/08/2023	21/08/2023	   BY TRANSFER-INB IMPS323325069346/9999999999/XX0617/FlatG07Apt--	MAA001375830973          MAA001375830973          TRANSFER FROM 4597930162092 / 	99922	 	4811.00	362406.99
22/08/2023	22/08/2023	   BY TRANSFER-NEFT*HDFC0000001*N234232606398322*ROHIT SADANAND K--	TRANSFER FROM 3199965044307 / 	4430	 	4886.00	367292.99
23/08/2023	23/08/2023	CASH CHEQUE-self--452351	 / 452351	32295	10000.00	 	357292.99
23/08/2023	23/08/2023	CHEQUE WDL- to tfr--452350	TRANSFER FROM 32430881220                         Mr. D  RAJU / 452350	32295	8970.00	 	348322.99
24/08/2023	24/08/2023	TO CLEARING-Chq No. 452346 CHB   KONE ELEVATOR INDIA PVT L--452346	 / 452346	40743	115660.00	 	232662.99
25/08/2023	25/08/2023	   BY TRANSFER-INB IMPS323726047286/9999999999/XX0617/FlatT15Apt--	MAA001379021470          MAA001379021470          TRANSFER FROM 4898017162097 / 	99922	 	1204.00	233866.99
27/08/2023	27/08/2023	   BY TRANSFER-INB IMPS323927093981/9999999999/XX0617/FlatG01Apt--	MAA001381007332          MAA001381007332          TRANSFER FROM 4898046162092 / 	99922	 	5533.00	239399.99
28/08/2023	28/08/2023	   BY TRANSFER-INB IMPS324028102364/9999999999/XX0617/FlatG12Apt--	MAB001248185332          MAB001248185332          TRANSFER FROM 4897954162098 / 	99922	 	4720.00	244119.99
30/08/2023	30/08/2023	   BY TRANSFER-NEFT*ICIC0SF0002*HS92324214146868*SHAILESH SRIVAST--	TRANSFER FROM 4697176044305 / 	4430	 	5174.00	249293.99
30/08/2023	30/08/2023	   BY TRANSFER-INB IMPS324225056877/9999999999/XX0617/FlatT06Apt--	MAC001332878508          MAC001332878508          TRANSFER FROM 4897988162099 / 	99922	 	5785.00	255078.99
31/08/2023	31/08/2023	   BY TRANSFER-SBILT31082023104737712586-G10 maintenanc--	TRANSFER FROM 33028750866                         Mr. CIJO  JACOB / 	71104	 	4860.00	259938.99
31/08/2023	31/08/2023	   BY TRANSFER-INB IMPS324325054754/9999999999/XX0617/FlatG02Apt--	MAC001333740816          MAC001333740816          TRANSFER FROM 4897995162090 / 	99922	 	6240.00	266178.99
31/08/2023	31/08/2023	   BY TRANSFER-NEFT*HDFC0000001*N243232618969770*ABHISHEK SHRAWAN--	TRANSFER FROM 3199957044306 / 	4430	 	20000.00	286178.99

**This is a computer generated statement and does not require a signature