Account Number               :	_00000033001215401
Description                  :	CURRENT A/C - COLLECTION A/C
Name                         :	MANA PRISTINE FLAT OWNERS WELFARE ASSOCIATION               
Currency                     :	INR
Corporate Address            :	SY NO.31/38/6, CHIKKENAHALLI MAIN ROAD,OFF SARJAPUR ROAD
                              	
                              	BANGALORE
                              	KARNATAKA-560035
Branch                       :	KASAVANAHALLI(32295)
Rate of Interest (% p.a.)    :	0.0% 
IFS Code                     :	SBIN0032295
Book Balance                 :	420190.72
Available Balance            :	420190.72
Hold Value                   :	0.00
MOD Balance             :	0.00
Uncleared Amount             :	0.00
Balance on 1 Dec 2023        :	4,80,547.66
Start Date                   :	1 Dec 2023
End Date                     :	31 Dec 2023
Txn Date	Value Date	Description	Ref No./Cheque No.	Branch Code	        Debit	Credit	Balance	
01/12/2023	01/12/2023	   BY TRANSFER-NEFT*CITI0000004*CITIN23462214974*SAMRAT KAR*CBOL--	TRANSFER FROM 3199962044300 / 	4430	 	5500.00	486047.66
01/12/2023	01/12/2023	   BY TRANSFER-INB T1 Prashant--	IT00TFGCA9               TRANSFER FROM 20071385409                         Mr. PRASHANT  SIKDAR / 	99922	 	8991.00	495038.66
02/12/2023	02/12/2023	   BY TRANSFER-UPI/CR/333643771068/ANKUR KU/HDFC/agarwalank/UPI--	TRANSFER FROM 4897737162096 / 	32295	 	8520.00	503558.66
02/12/2023	02/12/2023	   BY TRANSFER-NEFT*ICIC0SF0002*HS92333624842411*MANAS DASGUPTA*S--	TRANSFER FROM 3199411044308 / 	4430	 	9550.00	513108.66
02/12/2023	02/12/2023	   BY TRANSFER-INB IMPS333621004945/9442827674/XX6747/G16DuesOct--	MAP000012355326          MAP000012355326          TRANSFER FROM 4898031162099 / 	99922	 	8466.00	521574.66
03/12/2023	03/12/2023	   BY TRANSFER-INB IMPS333722736399/9999999999/XX0902/FlatT13 Ap--	MAP000012772665          MAP000012772665          TRANSFER FROM 4597962162096 / 	99922	 	9375.00	530949.66
03/12/2023	03/12/2023	   BY TRANSFER-SBILT03122023223837693077-G13 Oct 2023--	TRANSFER FROM 20069779779                         Mr. AJAI  BALACHANDRAN / 	4163	 	10000.00	540949.66
05/12/2023	05/12/2023	   BY TRANSFER-NEFT*CITI0000004*CITIN23463997991*VIMAL N K*SBIN00--	TRANSFER FROM 3199960044301 / 	4430	 	9042.00	549991.66
07/12/2023	07/12/2023	   BY TRANSFER-NEFT*HDFC0000001*N341232772867612*N GEETHA*F11 Mai--	TRANSFER FROM 4697212044306 / 	4430	 	20000.00	569991.66
10/12/2023	10/12/2023	   BY TRANSFER-NEFT*CITI0000004*CITIN23466010807*VIVEK DHINGRA*SB--	TRANSFER FROM 3199962044300 / 	4430	 	8420.00	578411.66
10/12/2023	10/12/2023	   BY TRANSFER-NEFT*CITI0000004*CITIN23466009845*NISHANT UPADHYAY--	TRANSFER FROM 4697216044302 / 	4430	 	17000.00	595411.66
10/12/2023	10/12/2023	   BY TRANSFER-INB IMPS334415317532/7349095255/XX4695/maintenanc--	MAK000027152558          MAK000027152558          TRANSFER FROM 4898035162095 / 	99922	 	9500.00	604911.66
12/12/2023	12/12/2023	TO CLEARING-Chq No. 452403 BOB   BESCOM ASST EXE ENGG S 11--452403	 / 452403	40743	28403.00	 	576508.66
12/12/2023	12/12/2023	TO CLEARING-Chq No. 452404 FBL   AJITHANATHMULTIPURPOS--452404	 / 452404	40743	5000.00	 	571508.66
13/12/2023	13/12/2023	TO CLEARING-Chq No. 452402 BOB   SMITHA T--452402	 / 452402	40743	31600.00	 	539908.66
13/12/2023	13/12/2023	   BY TRANSFER-SBILT13122023100612397353-G10 clubhouse--	TRANSFER FROM 33028750866                         Mr. CIJO  JACOB / 	71104	 	500.00	540408.66
13/12/2023	13/12/2023	CASH CHEQUE-CASH WITHDRAWAL BY CHQ--452407	 / 452407	32295	10000.00	 	530408.66
13/12/2023	13/12/2023	CHEQUE WDL- . D  RAJU--452409	TRANSFER FROM 32430881220                         Mr. D  RAJU / 452409	32295	15000.00	 	515408.66
14/12/2023	14/12/2023	TO CLEARING-Chq No. 452410 AXS   MUNIREDDY A--452410	 / 452410	40743	10000.00	 	505408.66
14/12/2023	14/12/2023	TO CLEARING-Chq No. 452408 BOM   DIFESA SECURITY SERVICES--452408	 / 452408	40743	120360.00	 	385048.66
15/12/2023	15/12/2023	TO CLEARING-Chq No. 452401 AXS   OM SAI ENTERPRISES--452401	 / 452401	40743	6600.00	 	378448.66
16/12/2023	16/12/2023	TO CLEARING-Chq No. 452406 KOT   SMARTERHOMES TECHNOLOGIE--452406	 / 452406	40743	23830.00	 	354618.66
16/12/2023	16/12/2023	TO CLEARING-Chq No. 452380 FBL   CHANDRAKUMAR--452380	 / 452380	40743	18000.00	 	336618.66
16/12/2023	16/12/2023	TO CLEARING-Chq No. 452395 FBL   CHANDRAKUMAR--452395	 / 452395	40743	18000.00	 	318618.66
17/12/2023	17/12/2023	   BY TRANSFER-INB IMPS335113797571/9999999999/XX0902/FlatS04 Ap--	MAL000027438550          MAL000027438550          TRANSFER FROM 4898035162095 / 	99922	 	4320.00	322938.66
17/12/2023	17/12/2023	   BY TRANSFER-INB IMPS335113807226/9999999999/XX0902/FlatG11 Ap--	MAN000020632560          MAN000020632560          TRANSFER FROM 4898036162094 / 	99922	 	4155.00	327093.66
17/12/2023	17/12/2023	   BY TRANSFER-INB IMPS335114835331/9999999999/XX0902/FlatT10 Ap--	MAL000027462803          MAL000027462803          TRANSFER FROM 4898044162094 / 	99922	 	4600.00	331693.66
17/12/2023	17/12/2023	   BY TRANSFER-INB IMPS335114855137/9999999999/XX0902/FlatT09 Ap--	MAL000027476194          MAL000027476194          TRANSFER FROM 4898040162097 / 	99922	 	3370.00	335063.66
17/12/2023	17/12/2023	   BY TRANSFER-INB IMPS335116954021/9999999999/XX0902/FlatG14 Ap--	MAJ000030408575          MAJ000030408575          TRANSFER FROM 4898042162096 / 	99922	 	4403.00	339466.66
18/12/2023	18/12/2023	   BY TRANSFER-INB Maintenance--	IT00TKQWC7               TRANSFER FROM 10458393278                          MAJ PRASENJIT CHAKRAV / 	99922	 	4193.00	343659.66
18/12/2023	18/12/2023	   BY TRANSFER-NEFT*ICIC0SF0002*HS92335226671893*SURENDRANATH BEH--	TRANSFER FROM 4697240044301 / 	4430	 	4424.00	348083.66
18/12/2023	18/12/2023	   BY TRANSFER-NEFT*CITI0000004*CITIN23468790192*MS. JEYARANI JEG--	TRANSFER FROM 4697237044307 / 	4430	 	6477.00	354560.66
18/12/2023	18/12/2023	   BY TRANSFER-INB IMPS335216936226/9999999999/XX0902/FlatF09 Ap--	MAJ000031139467          MAJ000031139467          TRANSFER FROM 4897956162096 / 	99922	 	4497.00	359057.66
19/12/2023	19/12/2023	   BY TRANSFER-INB IMPS335310843762/9999999999/XX0902/FlatF10 Ap--	MAL000028635085          MAL000028635085          TRANSFER FROM 4897974162095 / 	99922	 	15397.00	374454.66
19/12/2023	19/12/2023	   BY TRANSFER-NEFT*HDFC0000001*N353232792312780*DEBASIS GHOSHAL*--	TRANSFER FROM 3199414044305 / 	4430	 	4000.00	378454.66
20/12/2023	20/12/2023	   BY TRANSFER-INB T1 Prashant--	IT00TLFSF6               TRANSFER FROM 20071385409                         Mr. PRASHANT  SIKDAR / 	99922	 	4530.00	382984.66
20/12/2023	20/12/2023	   BY TRANSFER-SBILT20122023122701471111-G10 maintenanc--	TRANSFER FROM 33028750866                         Mr. CIJO  JACOB / 	71104	 	3495.00	386479.66
20/12/2023	20/12/2023	   BY TRANSFER-NEFT*ICIC0SF0002*HS92335426893141*PAWAN SUBHASH*NE--	TRANSFER FROM 3199413044306 / 	4430	 	4600.00	391079.66
20/12/2023	20/12/2023	   BY TRANSFER-NEFT*HDFC0000001*N354232793455408*ROHIT SADANAND K--	TRANSFER FROM 4697230044303 / 	4430	 	4188.00	395267.66
20/12/2023	20/12/2023	   BY TRANSFER-INB IMPS335422932694/9999999999/XX0902/FlatS11 Ap--	MAJ000032969759          MAJ000032969759          TRANSFER FROM 4897989162098 / 	99922	 	4564.00	399831.66
21/12/2023	21/12/2023	   BY TRANSFER-NEFT*HDFC0000001*N355232794105691*VINYAS RAMACHAND--	TRANSFER FROM 4697187044302 / 	4430	 	3996.00	403827.66
22/12/2023	22/12/2023	   BY TRANSFER-INB IMPS335603924763/9999999999/XX0902/FlatF08 Ap--	MAO000023003092          MAO000023003092          TRANSFER FROM 4898007162098 / 	99922	 	4214.00	408041.66
22/12/2023	22/12/2023	   BY TRANSFER-INB IMPS335618940979/9999999999/XX0902/FlatT08 Ap--	MAP000019639295          MAP000019639295          TRANSFER FROM 4898013162091 / 	99922	 	4032.00	412073.66
22/12/2023	22/12/2023	   BY TRANSFER-INB IMPS335620679494/9999999999/XX0902/FlatS02 Ap--	MAM000020927110          MAM000020927110          TRANSFER FROM 4898008162097 / 	99922	 	4462.00	416535.66
23/12/2023	23/12/2023	   BY TRANSFER-INB IMPS335708611680/9999999999/XX0902/FlatG07 Ap--	MAN000022214100          MAN000022214100          TRANSFER FROM 4898021162091 / 	99922	 	4500.00	421035.66
23/12/2023	23/12/2023	   BY TRANSFER-NEFT*HDFC0000001*N357232797575640*BALAKRISHNAN KRI--	TRANSFER FROM 4697222044304 / 	4430	 	4102.00	425137.66
25/12/2023	25/12/2023	   BY TRANSFER-NEFT*CITI0000004*CITIN23471512315*KAPIL GARG*SBIN0--	TRANSFER FROM 3199421044306 / 	4430	 	4102.00	429239.66
26/12/2023	26/12/2023	   BY TRANSFER-INB f16maintainence--	IT00TMQTE7               TRANSFER FROM 10209808020                         Mrs. SREEJA  SUDHARMA / 	99922	 	5164.06	434403.72
27/12/2023	27/12/2023	TO CLEARING-Chq No. 452413 YES   SHREE OFFICE PLANET--452413	 / 452413	40743	19293.00	 	415110.72
27/12/2023	27/12/2023	   BY TRANSFER-INB IMPS336116841695/9999999999/XX0902/FlatF13 Ap--	MAI000033446653          MAI000033446653          TRANSFER FROM 4897984162093 / 	99922	 	7750.00	422860.72
27/12/2023	27/12/2023	   BY TRANSFER-INB IMPS336116843873/9999999999/XX0902/FlatF13 Ap--	MAN000024762775          MAN000024762775          TRANSFER FROM 4597943162098 / 	99922	 	9647.00	432507.72
27/12/2023	27/12/2023	   BY TRANSFER-INB IMPS336116845549/9999999999/XX0902/FlatF13 Ap--	MAP000022099872          MAP000022099872          TRANSFER FROM 4897986162091 / 	99922	 	5604.00	438111.72
27/12/2023	27/12/2023	   BY TRANSFER-INB IMPS336116847479/9999999999/XX0902/FlatS13 Ap--	MAJ000035150049          MAJ000035150049          TRANSFER FROM 4597940162090 / 	99922	 	6449.00	444560.72
27/12/2023	27/12/2023	   BY TRANSFER-INB IMPS336117849029/9999999999/XX0902/FlatS13 Ap--	MAO000026217985          MAO000026217985          TRANSFER FROM 4897977162092 / 	99922	 	8589.00	453149.72
27/12/2023	27/12/2023	   BY TRANSFER-INB IMPS336117850724/9999999999/XX0902/FlatS13 Ap--	MAM000023452014          MAM000023452014          TRANSFER FROM 4597942162099 / 	99922	 	4337.00	457486.72
28/12/2023	28/12/2023	   BY TRANSFER-INB IMPS336209205063/8971434714/XX6379/G2 Mana Pr--	MAO000026544763          MAO000026544763          TRANSFER FROM 4597947162094 / 	99922	 	5813.00	463299.72
28/12/2023	28/12/2023	   BY TRANSFER-INB IMPS336209728921/9999999999/XX0902/FlatG12 Ap--	MAK000036834540          MAK000036834540          TRANSFER FROM 4897993162092 / 	99922	 	4026.00	467325.72
28/12/2023	28/12/2023	   BY TRANSFER-INB IMPS336223339919/9650328579/XX9242/F2 Mana Pr--	MAN000025522284          MAN000025522284          TRANSFER FROM 4898006162099 / 	99922	 	21170.00	488495.72
29/12/2023	29/12/2023	   BY TRANSFER-NEFT*HDFC0000001*N363232804522813*ASHWIN PANDITH*G--	TRANSFER FROM 4697194044303 / 	4430	 	4102.00	492597.72
30/12/2023	30/12/2023	   BY TRANSFER-INB IMPS336418692176/9999999999/XX0902/FlatF15 Ap--	MAM000024778570          MAM000024778570          TRANSFER FROM 4898030162099 / 	99922	 	5267.00	497864.72
30/12/2023	30/12/2023	   BY TRANSFER-UPI/CR/336469430977/ANKUR KU/HDFC/agarwalank/UPI--	TRANSFER FROM 4897737162096 / 	32295	 	4210.00	502074.72
30/12/2023	30/12/2023	   BY TRANSFER-NEFT*ICIC0SF0002*HS92336427865300*SHAILESH SRIVAST--	TRANSFER FROM 3199678044303 / 	4430	 	4362.00	506436.72
30/12/2023	30/12/2023	   BY TRANSFER-NEFT*CITI0000004*CITIN23477018510*A IRUDAYARAJ ALW--	TRANSFER FROM 4697216044302 / 	4430	 	4642.00	511078.72

**This is a computer generated statement and does not require a signature