Account Number               :	_00000033001215401
Description                  :	CURRENT A/C - COLLECTION A/C
Name                         :	MANA PRISTINE FLAT OWNERS WELFARE ASSOCIATION               
Currency                     :	INR
Corporate Address            :	SY NO.31/38/6, CHIKKENAHALLI MAIN ROAD,OFF SARJAPUR ROAD
                              	
                              	BANGALORE
                              	KARNATAKA-560035
Branch                       :	KASAVANAHALLI(32295)
Rate of Interest (% p.a.)    :	0.0% 
IFS Code                     :	SBIN0032295
Book Balance                 :	182941.50
Available Balance            :	182941.50
Hold Value                   :	0.00
MOD Balance             :	0.00
Uncleared Amount             :	0.00
Balance on 1 Feb 2024        :	3,99,989.72
Start Date                   :	1 Feb 2024
End Date                     :	29 Feb 2024
Txn Date	Value Date	Description	Ref No./Cheque No.	Branch Code	        Debit	Credit	Balance	
01/02/2024	01/02/2024	   BY TRANSFER-NEFT*CITI0000004*CITIN24416607642*SAMRAT KAR*CBOL--	TRANSFER FROM 4697241044301 / 	4430	 	5500.00	405489.72
01/02/2024	01/02/2024	   BY TRANSFER-NEFT*ICIC0SF0002*HS92403231621996*PAWAN SUBHASH*S9--	TRANSFER FROM 4697191044306 / 	4430	 	4500.00	409989.72
02/02/2024	02/02/2024	TO CLEARING-Chq No. 452429 HON   NOBROKER TECHNOLOGIES S--452429	 / 452429	40743	11900.00	 	398089.72
02/02/2024	02/02/2024	TO CLEARING-Chq No. 452430 HON   NOBROKER TECHNOLOGIES S--452430	 / 452430	40743	2000.00	 	396089.72
02/02/2024	02/02/2024	TO CLEARING-Chq No. 452426 BOM   DIFESA SECURITY SERVICES--452426	 / 452426	40743	120360.00	 	275729.72
02/02/2024	02/02/2024	   BY TRANSFER-NEFT*CITI0000004*CITIN24417339329*VIMAL N K*SBIN00--	TRANSFER FROM 4697240044301 / 	4430	 	4650.00	280379.72
03/02/2024	03/02/2024	   BY TRANSFER-UPI/CR/403471753686/ANKUR KU/HDFC/agarwalank/UPI--	TRANSFER FROM 4897738162095 / 	32295	 	4194.00	284573.72
05/02/2024	05/02/2024	CHEQUE WDL-  Mr. D  RAJU--452444	TRANSFER FROM 32430881220                         Mr. D  RAJU / 452444	32295	5575.00	 	278998.72
05/02/2024	05/02/2024	CHEQUE WDL-  Mr. D  RAJU--452431	TRANSFER FROM 32430881220                         Mr. D  RAJU / 452431	32295	15000.00	 	263998.72
05/02/2024	05/02/2024	CASH CHEQUE-CASH WITHDRAWAL BY CHQ--452443	 / 452443	32295	10000.00	 	253998.72
05/02/2024	05/02/2024	   BY TRANSFER-INB IMPS403616953843/9599471422/XX9578/FlatT04Apt--	MAK000054264705          MAK000054264705          TRANSFER FROM 4897951162091 / 	99922	 	8935.00	262933.72
07/02/2024	07/02/2024	   BY TRANSFER-INB IMPS403820855920/9599471422/XX9578/FlatT10Apt--	MAJ000053642389          MAJ000053642389          TRANSFER FROM 4597941162090 / 	99922	 	5114.00	268047.72
08/02/2024	08/02/2024	   BY TRANSFER-INB IMPS403907426940/9599471422/XX9578/FlatF09Apt--	MAK000056221732          MAK000056221732          TRANSFER FROM 4898003162092 / 	99922	 	4572.00	272619.72
08/02/2024	08/02/2024	TO CLEARING-Chq No. 452433 BOM   Mr  SUBODH  PRADHAN--452433	 / 452433	40743	3000.00	 	269619.72
09/02/2024	09/02/2024	TO CLEARING-Chq No. 452438 BOB   SMITHA T--452438	 / 452438	40743	31600.00	 	238019.72
12/02/2024	12/02/2024	TO CLEARING-Chq No. 452441 BOB   BESCOM ASST EXE ENGG S 11--452441	 / 452441	40743	31061.00	 	206958.72
13/02/2024	13/02/2024	TO CLEARING-Chq No. 452432 FBL   AJITHANATHMULTIPURPOS--452432	 / 452432	40743	5000.00	 	201958.72
13/02/2024	13/02/2024	TO CLEARING-Chq No. 452435 AXS   OM SAI ENTERPRISES--452435	 / 452435	40743	6600.00	 	195358.72
13/02/2024	13/02/2024	   BY TRANSFER-INB IMPS404409654719/9599471422/XX9578/FlatS05Apt--	MAJ000059292109          MAJ000059292109          TRANSFER FROM 4897971162098 / 	99922	 	8725.00	204083.72
13/02/2024	13/02/2024	   BY TRANSFER-INB IMPS404410735306/9599471422/XX9578/FlatF06Apt--	MAL000053879453          MAL000053879453          TRANSFER FROM 4897973162096 / 	99922	 	3935.00	208018.72
13/02/2024	13/02/2024	   BY TRANSFER-INB Maintenance charges--	IT00UCFAT8               TRANSFER FROM 10458393278                          MAJ PRASENJIT CHAKRAV / 	99922	 	4939.00	212957.72
13/02/2024	13/02/2024	   BY TRANSFER-NEFT*CITI0000004*CITIN24421848055*KAPIL GARG*SBIN0--	TRANSFER FROM 4697215044303 / 	4430	 	4575.00	217532.72
13/02/2024	13/02/2024	   BY TRANSFER-NEFT*CITI0000004*CITIN24421850999*VIVEK DHINGRA*SB--	TRANSFER FROM 3199682044307 / 	4430	 	7932.00	225464.72
14/02/2024	14/02/2024	   BY TRANSFER-NEFT*HDFC0000001*N045242883894632*ASHWIN PANDITH*G--	TRANSFER FROM 3199957044306 / 	4430	 	10051.00	235515.72
14/02/2024	14/02/2024	   BY TRANSFER-INB IMPS404506725861/9599471422/XX9578/FlatF09Apt--	MAN000047359025          MAN000047359025          TRANSFER FROM 4897985162092 / 	99922	 	4789.00	240304.72
14/02/2024	14/02/2024	   BY TRANSFER-INB IMPS404507913146/9599471422/XX9578/FlatT09Apt--	MAO000049885627          MAO000049885627          TRANSFER FROM 4897979162090 / 	99922	 	4789.00	245093.72
14/02/2024	14/02/2024	   BY TRANSFER-INB IMPS404508931135/9442827674/XX6747/G16MaintFe--	MAM000045042438          MAM000045042438          TRANSFER FROM 4897977162092 / 	99922	 	9370.00	254463.72
14/02/2024	14/02/2024	TO CLEARING-Chq No. 452445 AXS   MUNIREDDY A--452445	 / 452445	40743	17000.00	 	237463.72
14/02/2024	14/02/2024	   BY TRANSFER-INB IMPS404512675626/9599471422/XX9578/FlatT10Apt--	MAN000047637018          MAN000047637018          TRANSFER FROM 4897989162098 / 	99922	 	5432.00	242895.72
14/02/2024	14/02/2024	   BY TRANSFER-INB IMPS404513332517/9599471422/XX9578/FlatS04Apt--	MAO000050259446          MAO000050259446          TRANSFER FROM 4597941162090 / 	99922	 	4683.00	247578.72
14/02/2024	14/02/2024	   BY TRANSFER-INB IMPS404517711192/9599471422/XX9578/FlatT11Apt--	MAN000047959550          MAN000047959550          TRANSFER FROM 4897977162092 / 	99922	 	5682.00	253260.72
15/02/2024	15/02/2024	TO CLEARING-Chq No. 452446 UBI   CHAKKA VENU GOPAL--452446	 / 452446	40743	12500.00	 	240760.72
15/02/2024	15/02/2024	   BY TRANSFER-NEFT*HDFC0000001*N046242885887300*VINYAS RAMACHAND--	TRANSFER FROM 3199958044305 / 	4430	 	4683.00	245443.72
15/02/2024	15/02/2024	   BY TRANSFER-INB IMPS404608567699/0000000000/XX9578/FlatG15Apt--	MAO000051020587          MAO000051020587          TRANSFER FROM 4597947162094 / 	99922	 	25177.00	270620.72
15/02/2024	15/02/2024	   BY TRANSFER-INB IMPS404615505288/0000000000/XX9578/FlatS11Apt--	MAP000044125990          MAP000044125990          TRANSFER FROM 4897998162097 / 	99922	 	4682.00	275302.72
15/02/2024	15/02/2024	   BY TRANSFER-NEFT*HSBC0560002*HSBCN24046941085*MR MADHUSOODANAN--	TRANSFER FROM 4697187044302 / 	4430	 	14697.00	289999.72
16/02/2024	16/02/2024	   BY TRANSFER-INB IMPS404721116381/0000000000/XX9578/FlatG14Apt--	MAN000050559511          MAN000050559511          TRANSFER FROM 4898006162099 / 	99922	 	4789.00	294788.72
17/02/2024	17/02/2024	   BY TRANSFER-NEFT*ICIC0SF0002*HS92404833566727*DEVENDRARAWAT*NE--	TRANSFER FROM 4697237044307 / 	4430	 	9327.00	304115.72
17/02/2024	17/02/2024	   BY TRANSFER-INB IMPS404809182118/8971434714/XX6379/G2 Mana Pr--	MAP000046019525          MAP000046019525          TRANSFER FROM 4898021162091 / 	99922	 	4789.00	308904.72
17/02/2024	17/02/2024	   BY TRANSFER-INB IMPS404817916382/0000000000/XX9578/FlatT08Apt--	MAO000054013109          MAO000054013109          TRANSFER FROM 4898019162095 / 	99922	 	4682.00	313586.72
17/02/2024	17/02/2024	   BY TRANSFER-INB T1 Prashant Maintenance--	IT00UDNDE2               TRANSFER FROM 20071385409                         Mr. PRASHANT  SIKDAR / 	99922	 	4682.00	318268.72
18/02/2024	18/02/2024	   BY TRANSFER-INB IMPS404907793811/0000000000/XX9578/FlatG07Apt--	MAJ000060355818          MAJ000060355818          TRANSFER FROM 4898036162094 / 	99922	 	4683.00	322951.72
18/02/2024	18/02/2024	   BY TRANSFER-NEFT*ICIC0SF0002*HS92404933689396*SURENDRANATH BEH--	TRANSFER FROM 3199424044303 / 	4430	 	4682.22	327633.94
19/02/2024	19/02/2024	   BY TRANSFER-INB IMPS405015380306/0000000000/XX9578/FlatF08Apt--	MAJ000061718152          MAJ000061718152          TRANSFER FROM 4597934162099 / 	99922	 	4682.00	332315.94
19/02/2024	19/02/2024	   BY TRANSFER-INB IMPS405015702937/0000000000/XX9578/FlatS12Apt--	MAJ000061765265          MAJ000061765265          TRANSFER FROM 4897958162094 / 	99922	 	4683.00	336998.94
20/02/2024	20/02/2024	   BY TRANSFER-NEFT*HDFC0000001*N051242893831221*BALAKRISHNAN KRI--	TRANSFER FROM 4697223044303 / 	4430	 	4789.00	341787.94
21/02/2024	21/02/2024	TO CLEARING-Chq No. 452442 KOT   SMARTERHOMES TECHNOLOGIE--452442	 / 452442	40743	23830.00	 	317957.94
23/02/2024	23/02/2024	   BY TRANSFER-INB IMPS405410414451/0000000000/XX9578/FlatS07Apt--	MAP000047374175          MAP000047374175          TRANSFER FROM 4898014162090 / 	99922	 	9382.00	327339.94
24/02/2024	24/02/2024	   BY TRANSFER-INB IMPS405513854020/0000000000/XX9578/FlatG11Apt--	MAM000050526684          MAM000050526684          TRANSFER FROM 4898029162093 / 	99922	 	4683.00	332022.94
25/02/2024	25/02/2024	   BY TRANSFER-NEFT*ICIC0SF0002*HS92405634205551*PAWAN SUBHASH*S9--	TRANSFER FROM 4697182044307 / 	4430	 	4700.00	336722.94
25/02/2024	25/02/2024	   BY TRANSFER-NEFT*CITI0000004*CITIN24426327085*MS. JEYARANI JEG--	TRANSFER FROM 4697240044301 / 	4430	 	4790.00	341512.94
26/02/2024	26/02/2024	   BY TRANSFER-NEFT*UTIB0000423*AXOMB40576086657*IYER GANESH BALA--	TRANSFER FROM 3199967044305 / 	4430	 	5525.00	347037.94
27/02/2024	27/02/2024	   BY TRANSFER-NEFT*UTIB0000194*AXISCN0530783600*NOBR*FlatT06AptF--	TRANSFER FROM 4697203044306 / 	4430	 	4683.00	351720.94
27/02/2024	27/02/2024	TO CLEARING-Chq No. 452437 BOM   DIFESA SECURITY SERVICES--452437	 / 452437	40743	120360.00	 	231360.94
27/02/2024	27/02/2024	   BY TRANSFER-NEFT*ICIC0SF0002*HS92405834363902*SHAILESH SRIVAST--	TRANSFER FROM 4697194044303 / 	4430	 	4682.00	236042.94
28/02/2024	28/02/2024	   BY TRANSFER-SBILT28022024155247920353-G10 maintenanc--	TRANSFER FROM 33028750866                         Mr. CIJO  JACOB / 	71104	 	4682.00	240724.94
29/02/2024	29/02/2024	   BY TRANSFER-NEFT*UTIB0000194*AXISCN0534618801*NOBR*FlatS08AptF--	TRANSFER FROM 4697214044304 / 	4430	 	4682.00	245406.94

**This is a computer generated statement and does not require a signature