Account Number               :	_00000033001215401
Description                  :	CURRENT A/C - COLLECTION A/C
Name                         :	MANA PRISTINE FLAT OWNERS WELFARE ASSOCIATION               
Currency                     :	INR
Corporate Address            :	SY NO.31/38/6, CHIKKENAHALLI MAIN ROAD,OFF SARJAPUR ROAD
                              	
                              	BANGALORE
                              	KARNATAKA-560035
Branch                       :	KASAVANAHALLI(32295)
Rate of Interest (% p.a.)    :	0.0% 
IFS Code                     :	SBIN0032295
Book Balance                 :	182941.50
Available Balance            :	182941.50
Hold Value                   :	0.00
MOD Balance             :	0.00
Uncleared Amount             :	0.00
Balance on 1 Jan 2024        :	5,11,078.72
Start Date                   :	1 Jan 2024
End Date                     :	31 Jan 2024
Txn Date	Value Date	Description	Ref No./Cheque No.	Branch Code	        Debit	Credit	Balance	
01/01/2024	01/01/2024	   BY TRANSFER-NEFT*CITI0000004*CITIN24400110357*SAMRAT KAR*CBOL--	TRANSFER FROM 4697214044304 / 	4430	 	5500.00	516578.72
01/01/2024	01/01/2024	   BY TRANSFER-SBILT01012024215859548270-G13 Dec 2023--	TRANSFER FROM 20069779779                         Mr. AJAI  BALACHANDRAN / 	4163	 	8500.00	525078.72
02/01/2024	02/01/2024	   BY TRANSFER-INB IMPS400211748201/9999999999/XX0902/FlatS07 Ap--	MAO000029556987          MAO000029556987          TRANSFER FROM 4597939162094 / 	99922	 	4164.00	529242.72
03/01/2024	03/01/2024	TO CLEARING-Chq No. 452414 FBL   FAIROZKHAN--452414	 / 452414	40743	50000.00	 	479242.72
04/01/2024	04/01/2024	   BY TRANSFER-NEFT*ICIC0SF0002*HS92400428632726*MANAS DASGUPTA*S--	TRANSFER FROM 3199964044308 / 	4430	 	4104.00	483346.72
06/01/2024	06/01/2024	   BY TRANSFER-NEFT*CITI0000004*CITIN24402901434*VIMAL N K*SBIN00--	TRANSFER FROM 4697198044309 / 	4430	 	4746.00	488092.72
06/01/2024	06/01/2024	   BY TRANSFER-INB IMPS400616701103/0000000000/XX9578/FlatF06Apt--	MAP000027443645          MAP000027443645          TRANSFER FROM 4898032162098 / 	99922	 	4140.00	492232.72
06/01/2024	06/01/2024	   BY TRANSFER-INB IMPS400619203430/0000000000/XX9578/FlatT06Apt--	MAM000029139531          MAM000029139531          TRANSFER FROM 4597957162092 / 	99922	 	4764.00	496996.72
07/01/2024	07/01/2024	   BY TRANSFER-INB IMPS400711218681/0000000000/XX9578/FlatT05Apt--	MAO000032621358          MAO000032621358          TRANSFER FROM 4898045162093 / 	99922	 	4136.00	501132.72
07/01/2024	07/01/2024	   BY TRANSFER-INB IMPS400716161467/0000000000/XX9578/FlatF14Apt--	MAL000035531918          MAL000035531918          TRANSFER FROM 4597962162096 / 	99922	 	5057.00	506189.72
08/01/2024	08/01/2024	   BY TRANSFER-NEFT*ICIC0SF0002*HS92400829151883*DEVENDRA SINGH R--	TRANSFER FROM 4697185044304 / 	4430	 	4200.00	510389.72
09/01/2024	09/01/2024	   BY TRANSFER-INB IMPS400901366049/7349095255/XX4695/Maintenenc--	MAJ000040127009          MAJ000040127009          TRANSFER FROM 4897962162099 / 	99922	 	4910.00	515299.72
09/01/2024	09/01/2024	TO CLEARING-Chq No. 452416 AXS   OM SAI ENTERPRISES--452416	 / 452416	40743	6600.00	 	508699.72
10/01/2024	10/01/2024	CHEQUE WDL-  D  RAJU--452420	TRANSFER FROM 32430881220                         Mr. D  RAJU / 452420	32295	3300.00	 	505399.72
10/01/2024	10/01/2024	CHEQUE WDL-  D  RAJU--452421	TRANSFER FROM 32430881220                         Mr. D  RAJU / 452421	32295	15000.00	 	490399.72
10/01/2024	10/01/2024	CASH CHEQUE-CASH WITHDRAWAL BY CHQ--452424	 / 452424	32295	10000.00	 	480399.72
11/01/2024	11/01/2024	TO CLEARING-Chq No. 452417 BOB   SMITHA T--452417	 / 452417	40743	31600.00	 	448799.72
11/01/2024	11/01/2024	TO CLEARING-Chq No. 452422 FBL   AJITHANATHMULTIPURPOS--452422	 / 452422	40743	5000.00	 	443799.72
11/01/2024	11/01/2024	   BY TRANSFER-INB IMPS401109909301/9442827674/XX6747/G16OCT2023--	MAI000039266776          MAI000039266776          TRANSFER FROM 4898003162092 / 	99922	 	4107.00	447906.72
12/01/2024	12/01/2024	TO CLEARING-Chq No. 452418 BOB   BESCOM ASST EXE ENGG S 11--452418	 / 452418	40743	27716.00	 	420190.72
13/01/2024	13/01/2024	   BY TRANSFER-INB IMPS401309790721/0000000000/XX4244/FlatS04Apt--	MAI000040328603          MAI000040328603          TRANSFER FROM 4898024162098 / 	99922	 	4069.00	424259.72
13/01/2024	13/01/2024	   BY TRANSFER-INB IMPS401309814647/0000000000/XX4244/FlatS02Apt--	MAJ000042428427          MAJ000042428427          TRANSFER FROM 4898024162098 / 	99922	 	4321.00	428580.72
13/01/2024	13/01/2024	   BY TRANSFER-INB IMPS401309819144/0000000000/XX4244/FlatG07Apt--	MAJ000042428776          MAJ000042428776          TRANSFER FROM 4898031162099 / 	99922	 	4281.00	432861.72
13/01/2024	13/01/2024	   BY TRANSFER-INB Maintenance--	IT00TSYCK6               TRANSFER FROM 10458393278                          MAJ PRASENJIT CHAKRAV / 	99922	 	4112.00	436973.72
13/01/2024	13/01/2024	   BY TRANSFER-INB IMPS401312325240/7349095255/XX4695/Maintenanc--	MAN000033781483          MAN000033781483          TRANSFER FROM 4597955162094 / 	99922	 	5970.00	442943.72
13/01/2024	13/01/2024	   BY TRANSFER-INB IMPS401317576746/0000000000/XX4244/FlatS11Apt--	MAN000033979550          MAN000033979550          TRANSFER FROM 4898025162097 / 	99922	 	4273.00	447216.72
13/01/2024	13/01/2024	   BY TRANSFER-INB IMPS401318712250/0000000000/XX4244/FlatG14Apt--	MAO000035858613          MAO000035858613          TRANSFER FROM 4898028162094 / 	99922	 	4131.00	451347.72
13/01/2024	13/01/2024	   BY TRANSFER-NEFT*HDFC0000001*N013242834597834*DEBASIS GHOSHAL*--	TRANSFER FROM 3199675044306 / 	4430	 	10000.00	461347.72
14/01/2024	14/01/2024	   BY TRANSFER-NEFT*HDFC0000001*N014242834720632*VINYAS RAMACHAND--	TRANSFER FROM 4697174044307 / 	4430	 	4377.00	465724.72
14/01/2024	14/01/2024	   BY TRANSFER-INB T1PrashantMaint--	IT00TTERV6               TRANSFER FROM 20071385409                         Mr. PRASHANT  SIKDAR / 	99922	 	4358.00	470082.72
14/01/2024	14/01/2024	   BY TRANSFER-NEFT*ICIC0SF0002*HS92401429857899*PRIYABRATA MOHAP--	TRANSFER FROM 4697176044305 / 	4430	 	17844.00	487926.72
14/01/2024	14/01/2024	   BY TRANSFER-INB IMPS401416729456/0000000000/XX4244/FlatG11Apt--	MAN000034568906          MAN000034568906          TRANSFER FROM 4898034162096 / 	99922	 	4265.00	492191.72
14/01/2024	14/01/2024	   BY TRANSFER-INB IMPS401417003414/0000000000/XX4244/FlatT09Apt--	MAL000038749010          MAL000038749010          TRANSFER FROM 4898042162096 / 	99922	 	4992.00	497183.72
16/01/2024	16/01/2024	   BY TRANSFER-NEFT*CITI0000004*CITIN24407000064*MS. JEYARANI JEG--	TRANSFER FROM 3199957044306 / 	4430	 	5296.00	502479.72
16/01/2024	16/01/2024	   BY TRANSFER-NEFT*HDFC0000001*N016242837697284*ROHIT SADANAND K--	TRANSFER FROM 3199677044304 / 	4430	 	4077.00	506556.72
18/01/2024	18/01/2024	TO CLEARING-Chq No. 452425 BOM   SUBODH PRADHAN--452425	 / 452425	40743	3000.00	 	503556.72
18/01/2024	18/01/2024	TO CLEARING-Chq No. 452405 BOM   SUBODH PRADHAN--452405	 / 452405	40743	3000.00	 	500556.72
19/01/2024	19/01/2024	TO CLEARING-Chq No. 452419 AXS   MUNIREDDY A--452419	 / 452419	40743	9000.00	 	491556.72
19/01/2024	19/01/2024	TO CLEARING-Chq No. 452423 KOT   SMARTERHOMES TECHNOLOGIE--452423	 / 452423	40743	23830.00	 	467726.72
19/01/2024	19/01/2024	   BY TRANSFER-INB G10 maintenance--	IT00TUPIT7               TRANSFER FROM 33028750866                         Mr. CIJO  JACOB / 	99922	 	5084.00	472810.72
21/01/2024	21/01/2024	   BY TRANSFER-NEFT*ICIC0SF0002*HS92402130427631*SURENDRANATH BEH--	TRANSFER FROM 4697250044309 / 	4430	 	4191.00	477001.72
21/01/2024	21/01/2024	   BY TRANSFER-INB IMPS402113199117/0000000000/XX4244/FlatT15Apt--	MAI000043349035          MAI000043349035          TRANSFER FROM 4898040162097 / 	99922	 	9240.00	486241.72
21/01/2024	21/01/2024	   BY TRANSFER-INB IMPS402121320260/0000000000/XX4244/FlatG01Apt--	MAI000043558814          MAI000043558814          TRANSFER FROM 4898040162097 / 	99922	 	8998.00	495239.72
22/01/2024	22/01/2024	TO CLEARING-Chq No. 452428 FBL   FAIROZKHAN--452428	 / 452428	40743	64500.00	 	430739.72
23/01/2024	23/01/2024	   BY TRANSFER-INB IMPS402308721891/0000000000/XX4244/FlatT13Apt--	MAJ000046233708          MAJ000046233708          TRANSFER FROM 4897966162095 / 	99922	 	4347.00	435086.72
24/01/2024	24/01/2024	   BY TRANSFER-INB IMPS402405889552/0000000000/XX4244/FlatS12Apt--	MAO000041860234          MAO000041860234          TRANSFER FROM 4897982162095 / 	99922	 	8737.00	443823.72
24/01/2024	24/01/2024	TO CLEARING-Chq No. 452415 CHB   KONE ELEVATOR INDIA PVT L--452415	 / 452415	40743	80190.00	 	363633.72
24/01/2024	24/01/2024	   BY TRANSFER-NEFT*ICIC0SF0002*HS92402430645237*SRIVASTAVASHAILE--	TRANSFER FROM 4697192044305 / 	4430	 	4165.00	367798.72
24/01/2024	24/01/2024	   BY TRANSFER-NEFT*HDFC0000001*N024242847707757*BALAKRISHNAN KRI--	TRANSFER FROM 3199960044301 / 	4430	 	4343.00	372141.72
24/01/2024	24/01/2024	   BY TRANSFER-INB IMPS402419548090/0000000000/XX4244/FlatF08Apt--	MAI000044361110          MAI000044361110          TRANSFER FROM 4897986162091 / 	99922	 	4718.00	376859.72
24/01/2024	24/01/2024	   BY TRANSFER-INB IMPS402421416019/8971434714/XX6379/G2 Mana Pr--	MAK000048783157          MAK000048783157          TRANSFER FROM 4897990162094 / 	99922	 	6101.00	382960.72
25/01/2024	25/01/2024	   BY TRANSFER-INB IMPS402519601934/0000000000/XX9578/FlatT08Apt--	MAJ000047063446          MAJ000047063446          TRANSFER FROM 4898003162092 / 	99922	 	4129.00	387089.72
31/01/2024	31/01/2024	   BY TRANSFER-INB IMPS403116065453/9599471422/XX9578/FlatS08Apt--	MAJ000049486161          MAJ000049486161          TRANSFER FROM 4597944162097 / 	99922	 	4332.00	391421.72
31/01/2024	31/01/2024	   BY TRANSFER-INB IMPS403118752330/9599471422/XX9578/FlatG12Apt--	MAM000041322856          MAM000041322856          TRANSFER FROM 4897986162091 / 	99922	 	3962.00	395383.72
31/01/2024	31/01/2024	   BY TRANSFER-INB IMPS403123081139/9599471422/XX9578/FlatT06Apt--	MAK000051911272          MAK000051911272          TRANSFER FROM 4897997162098 / 	99922	 	4606.00	399989.72

**This is a computer generated statement and does not require a signature