Account Number               :	_00000033001215401
Description                  :	CURRENT A/C - COLLECTION A/C
Name                         :	MANA PRISTINE FLAT OWNERS WELFARE ASSOCIATION               
Currency                     :	INR
Corporate Address            :	SY NO.31/38/6, CHIKKENAHALLI MAIN ROAD,OFF SARJAPUR ROAD
                              	
                              	BANGALORE
                              	KARNATAKA-560035
Branch                       :	KASAVANAHALLI(32295)
Rate of Interest (% p.a.)    :	0.0% 
IFS Code                     :	SBIN0032295
Book Balance                 :	456394.16
Available Balance            :	456394.16
Hold Value                   :	0.00
MOD Balance             :	0.00
Uncleared Amount             :	0.00
Balance on 1 Jul 2023        :	4,43,634.13
Start Date                   :	1 Jul 2023
End Date                     :	31 Jul 2023
Txn Date	Value Date	Description	Ref No./Cheque No.	Branch Code	        Debit	Credit	Balance	
01/07/2023	01/07/2023	   BY TRANSFER-NEFT*CITI0000004*CITIN23387741230*SAMRAT KAR*CBOL--	TRANSFER FROM 4697199044308 / 	4430	 	5500.00	449134.13
01/07/2023	01/07/2023	   BY TRANSFER-UPI/CR/318265764328/ANKUR KU/HDFC/agarwalank/UPI--	TRANSFER FROM 4897737162096 / 	32295	 	4432.00	453566.13
01/07/2023	01/07/2023	   BY TRANSFER-NEFT*UTIB0000194*AXISCN0279730077*NOBROKER TECHNOL--	TRANSFER FROM 3199410044308 / 	4430	 	4186.00	457752.13
02/07/2023	02/07/2023	   BY TRANSFER-SBILT02072023072842925201-G10 maintenanc--	TRANSFER FROM 33028750866                         Mr. CIJO  JACOB / 	71104	 	5800.00	463552.13
02/07/2023	02/07/2023	   BY TRANSFER-NEFT*UTIB0000194*AXISCN0280321236*NOBROKER TECHNOL--	TRANSFER FROM 4697187044302 / 	4430	 	6048.00	469600.13
02/07/2023	02/07/2023	   BY TRANSFER-NEFT*UTIB0000194*AXISCN0280325017*NOBROKER TECHNOL--	TRANSFER FROM 3199419044300 / 	4430	 	4106.00	473706.13
03/07/2023	03/07/2023	TO CLEARING-Chq No. 452313 UBI   GLOBAL POWER TECHNOLOGIES--452313	 / 452313	40743	5428.00	 	468278.13
03/07/2023	03/07/2023	   BY TRANSFER-NEFT*HDFC0000001*N184232528273210*DEBASIS GHOSHAL*--	TRANSFER FROM 3199971044309 / 	4430	 	10000.00	478278.13
04/07/2023	04/07/2023	   BY TRANSFER-NEFT*UTIB0000194*AXISCN0281924631*NOBROKER TECHNOL--	TRANSFER FROM 4697201044308 / 	4430	 	10630.00	488908.13
05/07/2023	05/07/2023	   BY TRANSFER-NEFT*UTIB0000194*AXISCN0282754412*NOBROKER TECHNOL--	TRANSFER FROM 4697235044309 / 	4430	 	4560.00	493468.13
05/07/2023	05/07/2023	CASH CHEQUE-SELF--452321	 / 452321	32295	10000.00	 	483468.13
05/07/2023	05/07/2023	CHEQUE WDL- TO TFR--452319	TRANSFER FROM 32430881220                         Mr. D  RAJU / 452319	32295	15000.00	 	468468.13
06/07/2023	06/07/2023	   BY TRANSFER-NEFT*ICIC0SF0002*HS92318708474509*PAWAN SUBHASH*NE--	TRANSFER FROM 4697231044303 / 	4430	 	5162.00	473630.13
07/07/2023	07/07/2023	TO CLEARING-Chq No. 452315 AXS   OM SAI ENTERPRISES--452315	 / 452315	40743	6600.00	 	467030.13
07/07/2023	07/07/2023	CHEQUE WDL-CHEQUE TRANSFER TO--452325	TRANSFER FROM 32430881220                         Mr. D  RAJU / 452325	32295	4000.00	 	463030.13
07/07/2023	07/07/2023	   BY TRANSFER-NEFT*CITI0000004*CITIN23390746514*VIMAL N K*SBIN00--	TRANSFER FROM 3199682044307 / 	4430	 	4739.62	467769.75
09/07/2023	09/07/2023	   BY TRANSFER-NEFT*UTIB0000194*AXISCN0286464792*NOBROKER TECHNOL--	TRANSFER FROM 4697229044307 / 	4430	 	5636.00	473405.75
09/07/2023	09/07/2023	   BY TRANSFER-NEFT*UTIB0000194*AXISCN0286468008*NOBROKER TECHNOL--	TRANSFER FROM 4697208044301 / 	4430	 	7615.00	481020.75
09/07/2023	09/07/2023	   BY TRANSFER-NEFT*UTIB0000194*AXISCN0286468235*NOBROKER TECHNOL--	TRANSFER FROM 3199681044308 / 	4430	 	4701.00	485721.75
09/07/2023	09/07/2023	   BY TRANSFER-NEFT*UTIB0000194*AXISCN0286468362*NOBROKER TECHNOL--	TRANSFER FROM 4697208044301 / 	4430	 	6964.00	492685.75
10/07/2023	10/07/2023	TO CLEARING-Chq No. 452316 SIB   GREEN MART--452316	 / 452316	40743	1288.00	 	491397.75
10/07/2023	10/07/2023	TO CLEARING-Chq No. 452324 BOB   BESCOM ASST EXE ENGG S 11--452324	 / 452324	40743	33570.00	 	457827.75
10/07/2023	10/07/2023	   BY TRANSFER-NEFT*UTIB0000194*AXISCN0287349766*NOBROKER TECHNOL--	TRANSFER FROM 3199416044303 / 	4430	 	12461.00	470288.75
11/07/2023	11/07/2023	TO CLEARING-Chq No. 452322 AXS   MUNIREDDY A--452322	 / 452322	40743	16000.00	 	454288.75
11/07/2023	11/07/2023	TO CLEARING-Chq No. 452318 BOB   SMITHA T--452318	 / 452318	40743	31600.00	 	422688.75
11/07/2023	11/07/2023	TO CLEARING-Chq No. 452275 FBL   CHANDRAKUMAR--452275	 / 452275	40743	18000.00	 	404688.75
11/07/2023	11/07/2023	TO CLEARING-Chq No. 452302 FBL   CHANDRAKUMAR--452302	 / 452302	40743	18000.00	 	386688.75
11/07/2023	11/07/2023	TO CLEARING-Chq No. 452317 FBL   CHANDRAKUMAR--452317	 / 452317	40743	19200.00	 	367488.75
11/07/2023	11/07/2023	   BY TRANSFER-NEFT*UTIB0000194*AXISCN0288861590*NOBROKER TECHNOL--	TRANSFER FROM 4697190044306 / 	4430	 	6411.00	373899.75
11/07/2023	11/07/2023	   BY TRANSFER-NEFT*ICIC0SF0002*HS92319209132830*PRIYABRATA MOHAP--	TRANSFER FROM 3199679044302 / 	4430	 	4983.31	378883.06
12/07/2023	12/07/2023	   BY TRANSFER-NEFT*UTIB0000194*AXISCN0289055722*NOBROKER TECHNOL--	TRANSFER FROM 4697214044304 / 	4430	 	4102.00	382985.06
15/07/2023	15/07/2023	TO CLEARING-Chq No. 452326 HDF   s m murugan--452326	 / 452326	40743	6000.00	 	376985.06
15/07/2023	15/07/2023	   BY TRANSFER-NEFT*UTIB0000194*AXISCN0293150253*NOBROKER TECHNOL--	TRANSFER FROM 3199678044303 / 	4430	 	4088.00	381073.06
15/07/2023	15/07/2023	   BY TRANSFER-INB Maintenance charges--	IT00ROMNE8               TRANSFER FROM 10458393278                          MAJ PRASENJIT CHAKRAV / 	99922	 	4059.00	385132.06
15/07/2023	15/07/2023	   BY TRANSFER-NEFT*CITI0000004*CITIN23393928431*A IRUDAYARAJ ALW--	TRANSFER FROM 4697237044307 / 	4430	 	4658.87	389790.93
16/07/2023	16/07/2023	   BY TRANSFER-NEFT*HDFC0000001*N197232551853658*VINYAS RAMACHAND--	TRANSFER FROM 3199421044306 / 	4430	 	4276.00	394066.93
16/07/2023	16/07/2023	   BY TRANSFER-NEFT*CITI0000004*CITIN23394002990*RENU R*SBIN00156--	TRANSFER FROM 4697220044305 / 	4430	 	5000.00	399066.93
16/07/2023	16/07/2023	   BY TRANSFER-NEFT*ICIC0SF0002*HS92319709543114*SURENDRANATH BEH--	TRANSFER FROM 4697226044300 / 	4430	 	4284.63	403351.56
16/07/2023	16/07/2023	   BY TRANSFER-INB IMPS319720586491/8323713384/XX7808/OTHERS--	MAE000310062312          MAE000310062312          TRANSFER FROM 4597963162095 / 	99922	 	14413.00	417764.56
16/07/2023	16/07/2023	   BY TRANSFER-NEFT*HDFC0000001*N197232552127329*BALAKRISHNAN KRI--	TRANSFER FROM 4697225044301 / 	4430	 	9191.00	426955.56
17/07/2023	17/07/2023	TO CLEARING-Chq No. 452288 YES   SHREE OFFICE--452288	 / 452288	40743	6329.00	 	420626.56
17/07/2023	17/07/2023	TO CLEARING-Chq No. 452314 YES   SHREE OFFICE--452314	 / 452314	40743	4859.00	 	415767.56
17/07/2023	17/07/2023	TO CLEARING-Chq No. 452320 FBL   AJITHANATHMULTIPURPOS--452320	 / 452320	40743	5000.00	 	410767.56
18/07/2023	18/07/2023	TO CLEARING-Chq No. 452328 KOT   SMARTERHOMES TECHNOLOGIE--452328	 / 452328	40743	23830.00	 	386937.56
18/07/2023	18/07/2023	   BY TRANSFER-INB IMPS319911387752/7349095255/XX4695/Maintenenc--	MAC001303200388          MAC001303200388          TRANSFER FROM 4897971162098 / 	99922	 	5250.00	392187.56
18/07/2023	18/07/2023	   BY TRANSFER-INB IMPS319928045588/9999999999/XX0617/FlatS11Apt--	MAD000342247873          MAD000342247873          TRANSFER FROM 4897969162092 / 	99922	 	15373.00	407560.56
18/07/2023	18/07/2023	   BY TRANSFER-INB IMPS319928047011/9999999999/XX0617/FlatG14Apt--	MAF000338633586          MAF000338633586          TRANSFER FROM 4897974162095 / 	99922	 	16266.00	423826.56
18/07/2023	18/07/2023	   BY TRANSFER-INB IMPS319926047078/9999999999/XX0617/FlatF09Apt--	MAE000311055836          MAE000311055836          TRANSFER FROM 4897974162095 / 	99922	 	4240.00	428066.56
18/07/2023	18/07/2023	   BY TRANSFER-INB IMPS319916660883/9006212132/XX9097/IMPS--	MAB001232481344          MAB001232481344          TRANSFER FROM 4897975162094 / 	99922	 	4287.00	432353.56
18/07/2023	18/07/2023	   BY TRANSFER-INB IMPS319926048494/9999999999/XX0617/FlatF08Apt--	MAC001303376241          MAC001303376241          TRANSFER FROM 4597938162095 / 	99922	 	4372.00	436725.56
18/07/2023	18/07/2023	   BY TRANSFER-INB IMPS319925050591/9999999999/XX0617/FlatT06Apt--	MAC001303394491          MAC001303394491          TRANSFER FROM 4897970162098 / 	99922	 	9831.00	446556.56
18/07/2023	18/07/2023	   BY TRANSFER-INB IMPS319925058643/9999999999/XX0617/FlatF11Apt--	MAF000338735716          MAF000338735716          TRANSFER FROM 4597938162095 / 	99922	 	4028.00	450584.56
19/07/2023	19/07/2023	TO CLEARING-Chq No. 452327 BOM   DIFESA SECURITY SERVICES--452327	 / 452327	40743	120360.00	 	330224.56
19/07/2023	19/07/2023	   BY TRANSFER-INB IMPS320027027068/9999999999/XX0617/FlatG07Apt--	MAB001232900794          MAB001232900794          TRANSFER FROM 4897984162093 / 	99922	 	4442.00	334666.56
19/07/2023	19/07/2023	   BY TRANSFER-INB IMPS320025051902/9999999999/XX0617/FlatG11Apt--	MAD000342895577          MAD000342895577          TRANSFER FROM 4897978162091 / 	99922	 	4522.00	339188.56
20/07/2023	20/07/2023	   BY TRANSFER-INB IMPS320128060061/9999999999/XX0617/FlatT13Apt--	MAE000312354058          MAE000312354058          TRANSFER FROM 4897993162092 / 	99922	 	4285.00	343473.56
21/07/2023	21/07/2023	   BY TRANSFER-INB T1 Prashant--	IT00RPYII4               TRANSFER FROM 20071385409                         Mr. PRASHANT  SIKDAR / 	99922	 	5170.00	348643.56
21/07/2023	21/07/2023	   BY TRANSFER-INB IMPS320226025804/9999999999/XX0617/FlatT04Apt--	MAB001234121692          MAB001234121692          TRANSFER FROM 4898008162097 / 	99922	 	5004.00	353647.56
22/07/2023	22/07/2023	   BY TRANSFER-INB IMPS320328025767/9999999999/XX0617/FlatS07Apt--	MAC001305582083          MAC001305582083          TRANSFER FROM 4597957162092 / 	99922	 	4112.00	357759.56
22/07/2023	22/07/2023	   BY TRANSFER-UPI/CR/320324643531/ANKUR KU/HDFC/agarwalank/Ju23--	TRANSFER FROM 4897737162096 / 	32295	 	4669.00	362428.56
22/07/2023	22/07/2023	   BY TRANSFER-INB IMPS320328065570/9999999999/XX0617/FlatF14Apt--	MAB001234926549          MAB001234926549          TRANSFER FROM 4898020162091 / 	99922	 	5491.00	367919.56
24/07/2023	24/07/2023	   BY TRANSFER-NEFT*CITI0000004*CITIN23396409387*KAPIL GARG*SBIN0--	TRANSFER FROM 4697227044309 / 	4430	 	8860.57	376780.13
24/07/2023	24/07/2023	   BY TRANSFER-NEFT*HDFC0000001*N205232561181593*ROHIT SADANAND K--	TRANSFER FROM 3199972044308 / 	4430	 	4380.00	381160.13
24/07/2023	24/07/2023	   BY TRANSFER-INB IMPS320525045392/9999999999/XX0617/FlatS12Apt--	MAC001306741378          MAC001306741378          TRANSFER FROM 4897954162098 / 	99922	 	9361.00	390521.13
25/07/2023	25/07/2023	   BY TRANSFER-INB IMPS320627023216/9999999999/XX0617/FlatT15Apt--	MAA001356889202          MAA001356889202          TRANSFER FROM 4897970162098 / 	99922	 	9116.00	399637.13
25/07/2023	25/07/2023	   BY TRANSFER-SBILT25072023185808657130-G10 June maint--	TRANSFER FROM 33028750866                         Mr. CIJO  JACOB / 	71104	 	4860.00	404497.13
25/07/2023	25/07/2023	   BY TRANSFER-NEFT*ICIC0SF0002*HS92320610335773*SHAILESH SRIVAST--	TRANSFER FROM 4697213044305 / 	4430	 	4150.00	408647.13
26/07/2023	26/07/2023	TO CLEARING-Chq No. 452312 CHB   KONE ELEVATOR INDIA PVT L--452312	 / 452312	40743	115660.00	 	292987.13
26/07/2023	26/07/2023	TO CLEARING-Chq No. 452330 FBL   SAIMITHRASOUHARDACR--452330	 / 452330	40743	6550.00	 	286437.13
26/07/2023	26/07/2023	   CAS CORR PR CHQ-REVERSAL OF WITHDRAWAL BY CHEQUE--	 / 	40743	 	115660.00	402097.13
26/07/2023	26/07/2023	CHQ RET CHARGES---452312	 / 452312	40743	177.00	 	401920.13
26/07/2023	26/07/2023	   BY TRANSFER-NEFT*HDFC0000001*N207232564112425*ASHWIN PANDITH*G--	TRANSFER FROM 3199680044308 / 	4430	 	4980.00	406900.13
28/07/2023	28/07/2023	   BY TRANSFER-NEFT*CITI0000004*CITIN23399066336*VIMAL N K*SBIN00--	TRANSFER FROM 4697226044300 / 	4430	 	4783.38	411683.51
29/07/2023	29/07/2023	   BY TRANSFER-INB IMPS321028096164/9999999999/XX0617/FlatG01Apt--	MAC001309888932          MAC001309888932          TRANSFER FROM 4898021162091 / 	99922	 	5135.00	416818.51
30/07/2023	30/07/2023	   BY TRANSFER-INB f16maintpayJuly--	IT00RSLRA6               TRANSFER FROM 10209808020                         Mrs. SREEJA  SUDHARMA / 	99922	 	23883.35	440701.86
31/07/2023	31/07/2023	   BY TRANSFER-INB IMPS321225032423/9999999999/XX0617/FlatS05Apt--	MAF000345884911          MAF000345884911          TRANSFER FROM 4897953162099 / 	99922	 	16742.00	457443.86
31/07/2023	31/07/2023	   BY TRANSFER-INB IMPS321228078444/9999999999/XX0617/FlatG12Apt--	MAF000346185787          MAF000346185787          TRANSFER FROM 4597933162090 / 	99922	 	4000.00	461443.86
31/07/2023	31/07/2023	   BY TRANSFER-NEFT*ICIC0SF0002*HS92321210930515*PAWAN SUBHASH*S9--	TRANSFER FROM 4697197044300 / 	4430	 	9500.00	470943.86

**This is a computer generated statement and does not require a signature