Account Number               :	_00000033001215401
Description                  :	CURRENT A/C - COLLECTION A/C
Name                         :	MANA PRISTINE FLAT OWNERS WELFARE ASSOCIATION               
Currency                     :	INR
Corporate Address            :	SY NO.31/38/6, CHIKKENAHALLI MAIN ROAD,OFF SARJAPUR ROAD
                              	
                              	BANGALORE
                              	KARNATAKA-560035
Branch                       :	KASAVANAHALLI(32295)
Rate of Interest (% p.a.)    :	0.0% 
IFS Code                     :	SBIN0032295
Book Balance                 :	376985.06
Available Balance            :	376985.06
Hold Value                   :	0.00
MOD Balance             :	0.00
Uncleared Amount             :	0.00
Balance on 1 Jun 2023        :	5,58,274.47
Start Date                   :	1 Jun 2023
End Date                     :	30 Jun 2023
Txn Date	Value Date	Description	Ref No./Cheque No.	Branch Code	        Debit	Credit	Balance	
01/06/2023	01/06/2023	   BY TRANSFER-NEFT*CITI0000004*CITIN23374312000*SAMRAT KAR*CBOL--	TRANSFER FROM 4697229044307 / 	4430	 	5500.00	563774.47
01/06/2023	01/06/2023	TO CLEARING-Chq No. 452282 CHB   KONE ELEVATOR INDIA PVT L--452282	 / 452282	40743	1454.00	 	562320.47
01/06/2023	01/06/2023	   BY TRANSFER-INB T1 Prashant--	IT00QZJAA6               TRANSFER FROM 20071385409                         Mr. PRASHANT  SIKDAR / 	99922	 	7500.00	569820.47
03/06/2023	03/06/2023	   BY TRANSFER-NEFT*CITI0000004*CITIN23375267302*VIMAL N K*SBIN00--	TRANSFER FROM 3199960044301 / 	4430	 	7110.83	576931.30
06/06/2023	06/06/2023	   BY TRANSFER-INB f16mainttotaldues--	IT00RBUIP2               TRANSFER FROM 10209808020                         Mrs. SREEJA  SUDHARMA / 	99922	 	19354.64	596285.94
07/06/2023	07/06/2023	CHEQUE WDL- to tfr--452299	TRANSFER FROM 32430881220                         Mr. D  RAJU / 452299	32295	15000.00	 	581285.94
07/06/2023	07/06/2023	CHEQUE WDL- to tfr--452300	TRANSFER FROM 32430881220                         Mr. D  RAJU / 452300	32295	1100.00	 	580185.94
07/06/2023	07/06/2023	CASH CHEQUE-self--452301	 / 452301	32295	10000.00	 	570185.94
07/06/2023	07/06/2023	   BY TRANSFER-UPI/CR/315848512341/ANMOL VE/HDFC/anmolverma/UPI--	TRANSFER FROM 4897734162099 / 	32295	 	10000.00	580185.94
07/06/2023	07/06/2023	   BY TRANSFER-NEFT*ICIC0SF0002*HS92315805291754*DEVENDRA SINGH R--	TRANSFER FROM 4697198044309 / 	4430	 	11000.00	591185.94
08/06/2023	08/06/2023	TO CLEARING-Chq No. 452298 PSB   AJITHNATH MULTIPURPOSE SO--452298	 / 452298	40743	5000.00	 	586185.94
10/06/2023	10/06/2023	   BY TRANSFER-INB IMPS316126047779/9999999999/XX0617/FlatF15Apt--	MAF000316664101          MAF000316664101          TRANSFER FROM 4898022162090 / 	99922	 	7866.00	594051.94
10/06/2023	10/06/2023	   BY TRANSFER-INB maintenance charges--	IT00RDDXG8               TRANSFER FROM 10458393278                          MAJ PRASENJIT CHAKRAV / 	99922	 	2396.00	596447.94
10/06/2023	10/06/2023	   BY TRANSFER-INB IMPS316126080531/9999999999/XX0617/FlatF14Apt--	MAC001280209403          MAC001280209403          TRANSFER FROM 4597956162093 / 	99922	 	5496.00	601943.94
11/06/2023	11/06/2023	   BY TRANSFER-INB IMPS316225008270/9999999999/XX0617/FlatF09Apt--	MAD000320595527          MAD000320595527          TRANSFER FROM 4898035162095 / 	99922	 	4220.00	606163.94
11/06/2023	11/06/2023	   BY TRANSFER-NEFT*ICIC0SF0002*HS92316205687445*SHAILESH SRIVAST--	TRANSFER FROM 4697254044306 / 	4430	 	11000.00	617163.94
11/06/2023	11/06/2023	   BY TRANSFER-NEFT*UTIB0000423*AXMB231625224431*IYER GANESH BALA--	TRANSFER FROM 4697210044307 / 	4430	 	10998.00	628161.94
11/06/2023	11/06/2023	   BY TRANSFER-NEFT*ICIC0SF0002*HS92316205701358*SURENDRANATH BEH--	TRANSFER FROM 3199968044304 / 	4430	 	4365.24	632527.18
11/06/2023	11/06/2023	   BY TRANSFER-INB IMPS316227046130/9999999999/XX0617/FlatG11Apt--	MAC001280602211          MAC001280602211          TRANSFER FROM 4898041162097 / 	99922	 	4562.00	637089.18
11/06/2023	11/06/2023	   BY TRANSFER-INB T1PrashantMaintenance--	IT00RDLRY0               TRANSFER FROM 20071385409                         Mr. PRASHANT  SIKDAR / 	99922	 	5140.00	642229.18
12/06/2023	12/06/2023	   BY TRANSFER-INB IMPS316310234846/9006212132/XX9097/NA--	MAA001330693853          MAA001330693853          TRANSFER FROM 4897952162090 / 	99922	 	4222.00	646451.18
12/06/2023	12/06/2023	   BY TRANSFER-INB IMPS316328027442/9999999999/XX0617/FlatF06Apt--	MAC001281064832          MAC001281064832          TRANSFER FROM 4597933162090 / 	99922	 	15110.37	661561.55
12/06/2023	12/06/2023	   BY TRANSFER-NEFT*ICIC0SF0002*HS92316305803529*DEVENDRA SINGH R--	TRANSFER FROM 4697240044301 / 	4430	 	5000.00	666561.55
13/06/2023	13/06/2023	   BY TRANSFER-NEFT*HDFC0000001*N164232500528706*DEBASIS GHOSHAL*--	TRANSFER FROM 3199960044301 / 	4430	 	4431.00	670992.55
13/06/2023	13/06/2023	   BY TRANSFER-NEFT*CITI0000004*CITIN23379262373*RENU R*SBIN00156--	TRANSFER FROM 3199423044304 / 	4430	 	11000.00	681992.55
14/06/2023	14/06/2023	   BY TRANSFER-NEFT*CITI0000004*CITIN23379354725*MS. JEYARANI JEG--	TRANSFER FROM 3199962044300 / 	4430	 	10642.00	692634.55
15/06/2023	15/06/2023	   BY TRANSFER-NEFT*UTIB0000194*AXISCN0266368427*NOBROKER TECHNOL--	TRANSFER FROM 4697204044305 / 	4430	 	3988.00	696622.55
15/06/2023	15/06/2023	   BY TRANSFER-INB IMPS316621327076/7349095255/XX4695/Maintenanc--	MAF000319951907          MAF000319951907          TRANSFER FROM 4898003162092 / 	99922	 	5250.00	701872.55
16/06/2023	16/06/2023	   BY TRANSFER-NEFT*HDFC0000001*N167232506254186*ASHWIN PANDITH*G--	TRANSFER FROM 3199957044306 / 	4430	 	4980.00	706852.55
17/06/2023	17/06/2023	TO CLEARING-Chq No. 452308 KOT   SMARTERHOMES TECHNOLOGIE--452308	 / 452308	40743	23830.00	 	683022.55
18/06/2023	18/06/2023	   BY TRANSFER-NEFT*UTIB0000194*AXISCN0268847162*NOBROKER TECHNOL--	TRANSFER FROM 4697200044308 / 	4430	 	4556.00	687578.55
18/06/2023	18/06/2023	   BY TRANSFER-NEFT*HDFC0000001*N169232508562088*VINYAS RAMACHAND--	TRANSFER FROM 4697232044302 / 	4430	 	10623.00	698201.55
19/06/2023	19/06/2023	   BY TRANSFER-SBILT19062023092615655839-G10 maintenanc--	TRANSFER FROM 33028750866                         Mr. CIJO  JACOB / 	71104	 	5800.00	704001.55
21/06/2023	21/06/2023	TO CLEARING-Chq No. 452303 BOB   SMITHA T--452303	 / 452303	40743	31600.00	 	672401.55
21/06/2023	21/06/2023	   BY TRANSFER-NEFT*CITI0000004*CITIN23381861428*A IRUDAYARAJ ALW--	TRANSFER FROM 4697178044303 / 	4430	 	4337.39	676738.94
22/06/2023	22/06/2023	TO CLEARING-Chq No. 452310 BOM   DIFESA SECURITY SERVICES--452310	 / 452310	40743	120360.00	 	556378.94
22/06/2023	22/06/2023	TO CLEARING-Chq No. 452306 YES   SHREE OFFICE PLANET--452306	 / 452306	40743	2124.00	 	554254.94
22/06/2023	22/06/2023	TO CLEARING-Chq No. 452305 BOB   BESCOM ASST EXE ENGG S 11--452305	 / 452305	40743	21451.00	 	532803.94
22/06/2023	22/06/2023	TO CLEARING-Chq No. 452290 BOM   DIFESA SECURITY SERVICES--452290	 / 452290	40743	120360.00	 	412443.94
23/06/2023	23/06/2023	   BY TRANSFER-NEFT*HSBC0560002*HSBCN23174624018*MR MADHUSOODANAN--	TRANSFER FROM 4697225044301 / 	4430	 	10365.00	422808.94
23/06/2023	23/06/2023	TO CLEARING-Chq No. 452311 SIB   GREEN MART--452311	 / 452311	40743	821.00	 	421987.94
23/06/2023	23/06/2023	   BY TRANSFER-NEFT*HDFC0000001*N174232514757428*ROHIT SADANAND K--	TRANSFER FROM 4697222044304 / 	4430	 	4319.00	426306.94
24/06/2023	24/06/2023	   BY TRANSFER-INB IMPS317507116838/9342529433/XX9964/T8June2023--	MAA001337587450          MAA001337587450          TRANSFER FROM 4898022162090 / 	99922	 	8294.17	434601.11
24/06/2023	24/06/2023	   BY TRANSFER-NEFT*UTIB0000194*AXISCN0274065266*NOBROKER TECHNOL--	TRANSFER FROM 4697185044304 / 	4430	 	18272.00	452873.11
26/06/2023	26/06/2023	   BY TRANSFER-NEFT*UTIB0000194*AXISCN0275205707*NOBROKER TECHNOL--	TRANSFER FROM 3199971044309 / 	4430	 	4171.00	457044.11
26/06/2023	26/06/2023	   BY TRANSFER-INB IMPS317710907236/9442827674/XX6747/G16MayDues--	MAC001289023647          MAC001289023647          TRANSFER FROM 4597934162099 / 	99922	 	9190.02	466234.13
28/06/2023	28/06/2023	TO CLEARING-Chq No. 452304 AXS   OM SAI ENTERPRISES--452304	 / 452304	40743	6600.00	 	459634.13
30/06/2023	30/06/2023	TO CLEARING-Chq No. 452309 AXS   MUNIREDDY A--452309	 / 452309	40743	16000.00	 	443634.13

**This is a computer generated statement and does not require a signature