Account Number               :	_00000033001215401
Description                  :	CURRENT A/C - COLLECTION A/C
Name                         :	MANA PRISTINE FLAT OWNERS WELFARE ASSOCIATION               
Currency                     :	INR
Corporate Address            :	SY NO.31/38/6, CHIKKENAHALLI MAIN ROAD,OFF SARJAPUR ROAD
                              	
                              	BANGALORE
                              	KARNATAKA-560035
Branch                       :	KASAVANAHALLI(32295)
Rate of Interest (% p.a.)    :	0.0% 
IFS Code                     :	SBIN0032295
Book Balance                 :	182941.50
Available Balance            :	182941.50
Hold Value                   :	0.00
MOD Balance             :	0.00
Uncleared Amount             :	0.00
Balance on 1 Mar 2024        :	2,45,406.94
Start Date                   :	1 Mar 2024
End Date                     :	31 Mar 2024
Txn Date	Value Date	Description	Ref No./Cheque No.	Branch Code	        Debit	Credit	Balance	
01/03/2024	01/03/2024	   BY TRANSFER-NEFT*UTIB0000194*AXISCN0534673915*NOBR*FlatS02AptF--	TRANSFER FROM 4697224044302 / 	4430	 	4789.00	250195.94
01/03/2024	01/03/2024	   BY TRANSFER-NEFT*CITI0000004*CITIN24432024079*SAMRAT KAR*CBOL--	TRANSFER FROM 4697253044307 / 	4430	 	5500.00	255695.94
01/03/2024	01/03/2024	   BY TRANSFER-UPI/CR/406143940496/ANKUR KU/HDFC/agarwalank/UPI--	TRANSFER FROM 4897736162097 / 	32295	 	4896.00	260591.94
02/03/2024	02/03/2024	   BY TRANSFER-NEFT*ICIC0SF0002*HS92406235084756*MANAS DASGUPTA*S--	TRANSFER FROM 3199958044305 / 	4430	 	11577.00	272168.94
02/03/2024	02/03/2024	   BY TRANSFER-NEFT*UTIB0000194*AXISCN0536866572*NOBR*FlatG12AptM--	TRANSFER FROM 3199964044308 / 	4430	 	4682.00	276850.94
02/03/2024	02/03/2024	   BY TRANSFER-NEFT*UTIB0000423*AXOMB40624934119*IYER GANESH BALA--	TRANSFER FROM 4697189044300 / 	4430	 	4136.00	280986.94
03/03/2024	03/03/2024	   BY TRANSFER-NEFT*UTIB0000194*AXISCN0537199570*NOBR*FlatF10AptM--	TRANSFER FROM 3199421044306 / 	4430	 	9745.00	290731.94
03/03/2024	03/03/2024	   BY TRANSFER-NEFT*UTIB0000194*AXISCN0538120327*NOBR*FlatF15AptM--	TRANSFER FROM 4697249044303 / 	4430	 	11531.00	302262.94
04/03/2024	04/03/2024	   BY TRANSFER-NEFT*UTIB0000194*AXISCN0539382080*NOBR*FlatT13AptM--	TRANSFER FROM 4697213044305 / 	4430	 	9805.00	312067.94
05/03/2024	05/03/2024	   BY TRANSFER-NEFT*UTIB0000194*AXISCN0540004672*NOBR*FlatG01AptM--	TRANSFER FROM 3199961044301 / 	4430	 	4682.00	316749.94
05/03/2024	05/03/2024	   BY TRANSFER-NEFT*UTIB0000248*AXCT406561597615*VIMAL N K*--	TRANSFER FROM 4697204044305 / 	4430	 	5433.00	322182.94
11/03/2024	11/03/2024	CHEQUE WDL-  RAJU D--452455	TRANSFER FROM 32430881220                         Mr. D  RAJU / 452455	32295	5400.00	 	316782.94
11/03/2024	11/03/2024	CHEQUE WDL-  RAJU D--452447	TRANSFER FROM 32430881220                         Mr. D  RAJU / 452447	32295	15000.00	 	301782.94
11/03/2024	11/03/2024	CASH CHEQUE-CASH WITHDRAWAL BY CHQ--452453	 / 452453	32295	10000.00	 	291782.94
12/03/2024	12/03/2024	   A/C Keeping Chgs---	 / 	99999	649.00	 	291133.94
14/03/2024	14/03/2024	TO CLEARING-Chq No. 452450 BOB   BESCOM ASST EXE ENGG S 11--452450	 / 452450	40743	28504.00	 	262629.94
14/03/2024	14/03/2024	TO CLEARING-Chq No. 452448 AXS   OM SAI ENTERPRISES--452448	 / 452448	40743	6600.00	 	256029.94
14/03/2024	14/03/2024	TO CLEARING-Chq No. 452449 BOB   SMITHA T--452449	 / 452449	40743	31600.00	 	224429.94
16/03/2024	16/03/2024	   BY TRANSFER-NEFT*UTIB0000194*AXISCN0553520963*NOBR*FlatF14AptM--	TRANSFER FROM 4697196044301 / 	4430	 	11073.00	235502.94
17/03/2024	17/03/2024	   BY TRANSFER-NEFT*UTIB0000194*AXISCN0554566771*NOBR*FlatT15AptM--	TRANSFER FROM 4697210044307 / 	4430	 	4789.00	240291.94
18/03/2024	18/03/2024	   BY TRANSFER-NEFT*UTIB0000248*AXCT407862094700*KAPIL GARG*--	TRANSFER FROM 4697240044301 / 	4430	 	5496.00	245787.94
19/03/2024	19/03/2024	TO CLEARING-Chq No. 452452 KOT   SMARTERHOMES TECHNOLOGIE--452452	 / 452452	40743	23830.00	 	221957.94
20/03/2024	20/03/2024	TO CLEARING-Chq No. 452462 AXS   MUNIREDDY A--452462	 / 452462	40743	10500.00	 	211457.94
20/03/2024	20/03/2024	TO CLEARING-Chq No. 452454 BOM   DIFESA SECURITY SERVICES--452454	 / 452454	40743	120360.00	 	91097.94
20/03/2024	20/03/2024	   BY TRANSFER-NEFT*UTIB0000194*AXISCN0558138282*NOBR*FlatT04AptM--	TRANSFER FROM 4698165044300 / 	4430	 	4789.00	95886.94
20/03/2024	20/03/2024	   BY TRANSFER-NEFT*UTIB0000248*AXCT408062163263*NISHANT UPADHYAY--	TRANSFER FROM 3199675044306 / 	4430	 	21000.00	116886.94
21/03/2024	21/03/2024	   BY TRANSFER-NEFT*UTIB0000194*AXISCN0558624237*NOBR*FlatT11AptM--	TRANSFER FROM 4697176044305 / 	4430	 	6223.00	123109.94
21/03/2024	21/03/2024	   BY TRANSFER-NEFT*UTIB0000194*AXISCN0559384394*NOBR*FlatF09AptM--	TRANSFER FROM 4698198044301 / 	4430	 	5961.00	129070.94
21/03/2024	21/03/2024	   BY TRANSFER-NEFT*UTIB0000194*AXISCN0559386140*NOBR*FlatS11AptM--	TRANSFER FROM 4697205044304 / 	4430	 	5519.00	134589.94
21/03/2024	21/03/2024	   BY TRANSFER-INB Maintenance charges--	IT00UOTQG4               TRANSFER FROM 10458393278                          MAJ PRASENJIT CHAKRAV / 	99922	 	4933.00	139522.94
21/03/2024	21/03/2024	   BY TRANSFER-NEFT*UTIB0000194*AXISCN0559464619*NOBR*FlatT09AptM--	TRANSFER FROM 4698194044305 / 	4430	 	5883.00	145405.94
21/03/2024	21/03/2024	   BY TRANSFER-NEFT*HDFC0000001*N081242946499215*DEBASIS GHOSHAL*--	TRANSFER FROM 4697228044308 / 	4430	 	10000.00	155405.94
22/03/2024	22/03/2024	   BY TRANSFER-NEFT*UTIB0000248*AXCT408262204596*VIVEK DHINGRA*--	TRANSFER FROM 4697195044302 / 	4430	 	9733.00	165138.94
22/03/2024	22/03/2024	   BY TRANSFER-NEFT*UTIB0000248*AXCT408262209703*SAMRAT KAR*--	TRANSFER FROM 4698184044307 / 	4430	 	6601.00	171739.94
24/03/2024	24/03/2024	   BY TRANSFER-INB T1PrashantMaintenance--	IT00UPRGD4               TRANSFER FROM 20071385409                         Mr. PRASHANT  SIKDAR / 	99922	 	6435.00	178174.94
24/03/2024	24/03/2024	   BY TRANSFER-NEFT*UTIB0000194*AXISCN0563034763*NOBR*FlatG11AptM--	TRANSFER FROM 4697242044300 / 	4430	 	5427.00	183601.94
24/03/2024	24/03/2024	   BY TRANSFER-NEFT*UTIB0000248*AXCT408462303083*MS. JEYARANI JEG--	TRANSFER FROM 4698176044307 / 	4430	 	5750.00	189351.94
24/03/2024	24/03/2024	   BY TRANSFER-NEFT*HDFC0000001*N084242950138375*BALAKRISHNAN KRI--	TRANSFER FROM 4698184044307 / 	4430	 	5668.00	195019.94
24/03/2024	24/03/2024	   BY TRANSFER-INB IMPS408423895511/8971434714/XX6379/G2 Mana Pr--	MAK000078366189          MAK000078366189          TRANSFER FROM 4897953162099 / 	99922	 	7484.00	202503.94
24/03/2024	24/03/2024	   BY TRANSFER-NEFT*HDFC0000001*N084242950166096*VINYAS RAMACHAND--	TRANSFER FROM 4697242044300 / 	4430	 	5341.00	207844.94
25/03/2024	25/03/2024	   BY TRANSFER-NEFT*UTIB0000194*AXISCN0563093704*NOBR*FlatT10AptM--	TRANSFER FROM 4698207044304 / 	4430	 	7479.00	215323.94
25/03/2024	25/03/2024	   BY TRANSFER-NEFT*UTIB0000194*AXISCN0563847462*NOBR*FlatG07AptM--	TRANSFER FROM 4698161044304 / 	4430	 	6165.00	221488.94
25/03/2024	25/03/2024	   BY TRANSFER-NEFT*UTIB0000194*AXISCN0563871049*NOBR*FlatS07AptM--	TRANSFER FROM 3199417044302 / 	4430	 	4588.00	226076.94
25/03/2024	25/03/2024	   BY TRANSFER-NEFT*UTIB0000194*AXISCN0563886261*NOBR*FlatF08AptM--	TRANSFER FROM 4697213044305 / 	4430	 	6460.00	232536.94
25/03/2024	25/03/2024	   BY TRANSFER-NEFT*UTIB0000194*AXISCN0563967035*NOBR*FlatG01AptM--	TRANSFER FROM 4698211044309 / 	4430	 	5848.00	238384.94
25/03/2024	25/03/2024	   BY TRANSFER-NEFT*UTIB0000248*AXCT408562317703*RENU R*--	TRANSFER FROM 3199968044304 / 	4430	 	21045.00	259429.94
25/03/2024	25/03/2024	   BY TRANSFER-INB f16 maintenance--	IT00UQCEK6               TRANSFER FROM 10209808020                         Mrs. SREEJA  SUDHARMA / 	99922	 	15456.28	274886.22
26/03/2024	26/03/2024	   BY TRANSFER-NEFT*UTIB0000248*AXCT408662338602*KAPIL GARG*--	TRANSFER FROM 4697235044309 / 	4430	 	4487.00	279373.22
26/03/2024	26/03/2024	   BY TRANSFER-NEFT*ICIC0SF0002*HS92408637717148*PAWAN SUBHASH*S9--	TRANSFER FROM 4697180044308 / 	4430	 	5200.00	284573.22
26/03/2024	26/03/2024	   BY TRANSFER-NEFT*UTIB0000194*AXISCN0564847290*NOBR*FlatS04AptM--	TRANSFER FROM 3199417044302 / 	4430	 	5062.00	289635.22
26/03/2024	26/03/2024	   BY TRANSFER-NEFT*UTIB0000194*AXISCN0564942738*NOBR*FlatS12AptM--	TRANSFER FROM 3199955044308 / 	4430	 	5712.00	295347.22
26/03/2024	26/03/2024	   BY TRANSFER-NEFT*UTIB0000194*AXISCN0564942518*NOBR*FlatG12AptM--	TRANSFER FROM 3199683044306 / 	4430	 	4678.00	300025.22
26/03/2024	26/03/2024	   BY TRANSFER-NEFT*UTIB0000194*AXISCN0564947422*NOBR*FlatF14AptM--	TRANSFER FROM 4698164044301 / 	4430	 	5504.00	305529.22
27/03/2024	27/03/2024	   BY TRANSFER-NEFT*ICIC0SF0002*HS92408737764733*DEVENDRARAWAT*NE--	TRANSFER FROM 3199960044301 / 	4430	 	5000.00	310529.22
27/03/2024	27/03/2024	   BY TRANSFER-NEFT*UTIB0000194*AXISCN0565656261*NOBR*FlatS05AptM--	TRANSFER FROM 4698201044300 / 	4430	 	10139.00	320668.22
27/03/2024	27/03/2024	   BY TRANSFER-NEFT*HDFC0000001*N087242953763458*N GEETHA*F11 Mai--	TRANSFER FROM 3199681044308 / 	4430	 	20000.00	340668.22
27/03/2024	27/03/2024	   BY TRANSFER-NEFT*ICIC0SF0002*HS92408737832207*SRIVASTAVASHAILE--	TRANSFER FROM 3199414044305 / 	4430	 	5427.00	346095.22
28/03/2024	28/03/2024	TO CLEARING-Chq No. 452440 YES   SHREE OFFICE PLANET--452440	 / 452440	40743	6003.00	 	340092.22
28/03/2024	28/03/2024	TO CLEARING-Chq No. 452451 BOM   Mr  SUBODH  PRADHAN--452451	 / 452451	40743	3000.00	 	337092.22
28/03/2024	28/03/2024	TO CLEARING-Chq No. 452456 FBL   CHANDRAKUMAR--452456	 / 452456	40743	18000.00	 	319092.22
28/03/2024	28/03/2024	TO CLEARING-Chq No. 452457 FBL   CHANDRAKUMAR--452457	 / 452457	40743	18000.00	 	301092.22
28/03/2024	28/03/2024	TO CLEARING-Chq No. 452458 FBL   CHANDRAKUMAR--452458	 / 452458	40743	19200.00	 	281892.22
28/03/2024	28/03/2024	TO CLEARING-Chq No. 452459 FBL   CHANDRAKUMAR--452459	 / 452459	40743	16800.00	 	265092.22
28/03/2024	28/03/2024	   BY TRANSFER-NEFT*HSBC0560002*HSBCN24088049133*MR MADHUSOODANAN--	TRANSFER FROM 4697178044303 / 	4430	 	4364.00	269456.22
29/03/2024	29/03/2024	   BY TRANSFER-NEFT*HDFC0000001*N089242957942065*ASHWIN PANDITH*G--	TRANSFER FROM 4697175044306 / 	4430	 	6955.00	276411.22
29/03/2024	29/03/2024	   BY TRANSFER-NEFT*UTIB0000194*AXISCN0568668800*NOBR*FlatF06AptM--	TRANSFER FROM 4697185044304 / 	4430	 	10006.00	286417.22
29/03/2024	29/03/2024	   BY TRANSFER-UPI/CR/408984492863/ANKUR KU/HDFC/agarwalank/UPI--	TRANSFER FROM 4897736162097 / 	32295	 	5417.00	291834.22
29/03/2024	29/03/2024	   BY TRANSFER-NEFT*HDFC0000001*N089242958994137*RANJITH KUMAR RA--	TRANSFER FROM 4697252044308 / 	4430	 	22536.00	314370.22
29/03/2024	29/03/2024	   BY TRANSFER-NEFT*UTIB0000194*AXISCN0568704291*NOBR*FlatS08AptM--	TRANSFER FROM 4697236044308 / 	4430	 	6073.00	320443.22
30/03/2024	30/03/2024	   BY TRANSFER-NEFT*UTIB0000194*AXISCN0569676760*NOBR*FlatG14AptM--	TRANSFER FROM 4697179044302 / 	4430	 	5433.00	325876.22
31/03/2024	31/03/2024	   BY TRANSFER-NEFT*UTIB0000248*AXCT409162811893*VIMAL N K*--	TRANSFER FROM 3199967044305 / 	4430	 	5584.00	331460.22
31/03/2024	31/03/2024	   BY TRANSFER-NEFT*UTIB0000194*AXISCN0571034004*NOBR*FlatS02AptM--	TRANSFER FROM 4698179044304 / 	4430	 	8210.00	339670.22

**This is a computer generated statement and does not require a signature