Account Number               :	_00000033001215401
Description                  :	CURRENT A/C - COLLECTION A/C
Name                         :	MANA PRISTINE FLAT OWNERS WELFARE ASSOCIATION               
Currency                     :	INR
Corporate Address            :	SY NO.31/38/6, CHIKKENAHALLI MAIN ROAD,OFF SARJAPUR ROAD
                              	
                              	BANGALORE
                              	KARNATAKA-560035
Branch                       :	KASAVANAHALLI(32295)
Rate of Interest (% p.a.)    :	0.0% 
IFS Code                     :	SBIN0032295
Book Balance                 :	576931.30
Available Balance            :	576931.30
Hold Value                   :	0.00
MOD Balance             :	0.00
Uncleared Amount             :	0.00
Balance on 1 May 2023        :	6,18,569.91
Start Date                   :	1 May 2023
End Date                     :	31 May 2023
Txn Date	Value Date	Description	Ref No./Cheque No.	Branch Code	        Debit	Credit	Balance	
01/05/2023	01/05/2023	   BY TRANSFER-NEFT*CITI0000004*CITIN23359231749*SAMRAT KAR*CBOL--	TRANSFER FROM 4697230044303 / 	4430	 	5500.00	624069.91
01/05/2023	01/05/2023	   BY TRANSFER-NEFT*CITI0000004*CITIN23359427857*MS. JEYARANI JEG--	TRANSFER FROM 3199968044304 / 	4430	 	4063.00	628132.91
01/05/2023	01/05/2023	   BY TRANSFER-INB IMPS312126102656/9999999999/XX0617/FlatG01Apt--	MAA001306603559          MAA001306603559          TRANSFER FROM 4597933162090 / 	99922	 	4433.00	632565.91
02/05/2023	02/05/2023	   BY TRANSFER-INB IMPS312225029225/9999999999/XX0617/FlatT02Apt--	MAE000263516185          MAE000263516185          TRANSFER FROM 4897973162096 / 	99922	 	4672.00	637237.91
03/05/2023	03/05/2023	TO CLEARING-Chq No. 452283 UBI   C RAMESH--452283	 / 452283	40743	16000.00	 	621237.91
03/05/2023	03/05/2023	   BY TRANSFER-SBILT03052023080944630193-G10 maintenanc--	TRANSFER FROM 33028750866                         Mr. CIJO  JACOB / 	71104	 	11000.00	632237.91
04/05/2023	04/05/2023	   BY TRANSFER-NEFT*CITI0000004*CITIN23360884768*RENU R*SBIN00156--	TRANSFER FROM 3199966044306 / 	4430	 	10500.00	642737.91
05/05/2023	05/05/2023	TO CLEARING-Chq No. 452255 FBL   CHANDRAKUMAR--452255	 / 452255	40743	18000.00	 	624737.91
05/05/2023	05/05/2023	TO CLEARING-Chq No. 452268 FBL   CHANDRAKUMAR--452268	 / 452268	40743	18000.00	 	606737.91
09/05/2023	09/05/2023	CHEQUE WDL-CHEQUE TRANSFER TO--452277	TRANSFER FROM 32430881220                         Mr. D  RAJU / 452277	32295	15000.00	 	591737.91
09/05/2023	09/05/2023	CHEQUE WDL-CHEQUE TRANSFER TO--452279	TRANSFER FROM 32430881220                         Mr. D  RAJU / 452279	32295	3200.00	 	588537.91
09/05/2023	09/05/2023	   BY TRANSFER-INB IMPS313027000072/9999999999/XX0617/FlatT04Apt--	MAF000296292016          MAF000296292016          TRANSFER FROM 4597944162097 / 	99922	 	4372.00	592909.91
10/05/2023	10/05/2023	TO CLEARING-Chq No. 452281 CHB   KONE ELEVATOR INDIA PVT L--452281	 / 452281	40743	22679.00	 	570230.91
11/05/2023	11/05/2023	   BY TRANSFER-INB Maintenance Charges--	IT00QTHSL8               TRANSFER FROM 10458393278                          MAJ PRASENJIT CHAKRAV / 	99922	 	6380.00	576610.91
11/05/2023	11/05/2023	   BY TRANSFER-INB IMPS313126029498/9999999999/XX0617/FlatF10Apt--	MAF000297345651          MAF000297345651          TRANSFER FROM 4897999162096 / 	99922	 	10731.00	587341.91
11/05/2023	11/05/2023	   BY TRANSFER-NEFT*HDFC0000001*N131232455960585*DEBASIS GHOSHAL*--	TRANSFER FROM 4697256044304 / 	4430	 	6884.00	594225.91
11/05/2023	11/05/2023	   BY TRANSFER-INB IMPS313112480571/9006212132/XX9097/NA--	MAD000301121442          MAD000301121442          TRANSFER FROM 4897996162099 / 	99922	 	6456.00	600681.91
11/05/2023	11/05/2023	   BY TRANSFER-INB IMPS313125036136/9999999999/XX0617/FlatG11Apt--	MAD000301121740          MAD000301121740          TRANSFER FROM 4597949162092 / 	99922	 	6780.00	607461.91
11/05/2023	11/05/2023	   BY TRANSFER-INB IMPS313128053230/9999999999/XX0617/FlatF14Apt--	MAE000270275287          MAE000270275287          TRANSFER FROM 4597946162095 / 	99922	 	11597.00	619058.91
11/05/2023	11/05/2023	   BY TRANSFER-INB IMPS313126063024/9999999999/XX0617/FlatS12Apt--	MAA001312356237          MAA001312356237          TRANSFER FROM 4897991162094 / 	99922	 	7036.00	626094.91
11/05/2023	11/05/2023	   BY TRANSFER-INB IMPS313126063937/9999999999/XX0617/FlatF09Apt--	MAC001262674015          MAC001262674015          TRANSFER FROM 4897991162094 / 	99922	 	6579.00	632673.91
11/05/2023	11/05/2023	   BY TRANSFER-NEFT*HDFC0000001*N131232457022184*ABHISHEK SHRAWAN--	TRANSFER FROM 4697219044309 / 	4430	 	20000.00	652673.91
12/05/2023	12/05/2023	TO CLEARING-Chq No. 452287 FBL   ARJUNSOUHARDHAPATHIN--452287	 / 452287	40743	3690.00	 	648983.91
12/05/2023	12/05/2023	TO CLEARING-Chq No. 452289 FBL   ARJUNSOUHARDHAPATHIN--452289	 / 452289	40743	5000.00	 	643983.91
12/05/2023	12/05/2023	   BY TRANSFER-NEFT*CITI0000004*CITIN23364389003*SAMRAT KAR*SBIN0--	TRANSFER FROM 4697174044307 / 	4430	 	6318.87	650302.78
13/05/2023	13/05/2023	   BY TRANSFER-INB IMPS313328062354/9999999999/XX0617/FlatT06Apt--	MAA001313570545          MAA001313570545          TRANSFER FROM 4597959162090 / 	99922	 	10900.00	661202.78
13/05/2023	13/05/2023	   BY TRANSFER-INB IMPS313328069610/9999999999/XX0617/FlatF11Apt--	MAC001263947205          MAC001263947205          TRANSFER FROM 4898019162095 / 	99922	 	6718.00	667920.78
14/05/2023	14/05/2023	   BY TRANSFER-INB IMPS313416177093/9342529433/XX9964/T8 April23--	MAD000303032566          MAD000303032566          TRANSFER FROM 4597960162097 / 	99922	 	6589.69	674510.47
15/05/2023	15/05/2023	TO CLEARING-Chq No. 452278 AXS   MUNIREDDY A--452278	 / 452278	40743	15000.00	 	659510.47
15/05/2023	15/05/2023	TO CLEARING-Chq No. 452274 BOB   SMITHA T--452274	 / 452274	40743	31600.00	 	627910.47
15/05/2023	15/05/2023	TO CLEARING-Chq No. 452286 SIB   GREEN MART--452286	 / 452286	40743	1197.00	 	626713.47
15/05/2023	15/05/2023	TO CLEARING-Chq No. 452285 BOM   DIFESA SECURITY SERVICES--452285	 / 452285	40743	120360.00	 	506353.47
15/05/2023	15/05/2023	CHEQUE WDL-CHEQUE TRANSFER TO--452291	TRANSFER FROM 32430881220                         Mr. D  RAJU / 452291	266	5000.00	 	501353.47
15/05/2023	15/05/2023	CHEQUE WDL-CHEQUE TRANSFER TO--452292	TRANSFER FROM 32430881220                         Mr. D  RAJU / 452292	266	2000.00	 	499353.47
15/05/2023	15/05/2023	   BY TRANSFER-NEFT*ICIC0SF0002*HS92313502730916*SURENDRANATH BEH--	TRANSFER FROM 4697204044305 / 	4430	 	5089.23	504442.70
18/05/2023	18/05/2023	TO CLEARING-Chq No. 452273 BOB   BESCOM ASST EXE ENGG S 11--452273	 / 452273	40743	31332.00	 	473110.70
19/05/2023	19/05/2023	   BY TRANSFER-NEFT*HDFC0000001*N139232467105935*ROHIT SADANAND K--	TRANSFER FROM 4697239044305 / 	4430	 	6591.00	479701.70
20/05/2023	20/05/2023	   BY TRANSFER-INB IMPS314015371438/7349095255/XX4695/Maintenanc--	MAB001196615936          MAB001196615936          TRANSFER FROM 4898019162095 / 	99922	 	12000.00	491701.70
22/05/2023	22/05/2023	   BY TRANSFER-INB IMPS314227009410/9999999999/XX0617/FlatG07Apt--	MAE000277157185          MAE000277157185          TRANSFER FROM 4597934162099 / 	99922	 	6870.00	498571.70
22/05/2023	22/05/2023	TO CLEARING-Chq No. 452276 AXS   OM SAI ENTERPRISES--452276	 / 452276	40743	6600.00	 	491971.70
22/05/2023	22/05/2023	   BULK POSTING-IMPS/TCC_103/314127070021 / 21050023- Cr--	 / 	16209	 	6574.00	498545.70
23/05/2023	23/05/2023	   BY TRANSFER-INB IMPS314306537576/6305967349/XX5807/SOCIETY PA--	MAB001198146550          MAB001198146550          TRANSFER FROM 4897974162095 / 	99922	 	6583.22	505128.92
23/05/2023	23/05/2023	   BY TRANSFER-NEFT*ICIC0SF0002*HS92314303302157*MANAS DASGUPTA*S--	TRANSFER FROM 4697184044305 / 	4430	 	6768.00	511896.92
24/05/2023	24/05/2023	   BY TRANSFER-INB IMPS314426064577/9999999999/XX0617/FlatF08Apt--	MAB001198996324          MAB001198996324          TRANSFER FROM 4897981162096 / 	99922	 	6585.00	518481.92
24/05/2023	24/05/2023	   BY TRANSFER-NEFT*HDFC0000001*N144232472423686*BALAKRISHNAN KRI--	TRANSFER FROM 4697243044309 / 	4430	 	6995.00	525476.92
25/05/2023	25/05/2023	   BY TRANSFER-NEFT*ICIC0SF0002*HS92314503467603*ARVIND BALASUBRA--	TRANSFER FROM 4697225044301 / 	4430	 	6822.00	532298.92
25/05/2023	25/05/2023	   BY TRANSFER-NEFT*CITI0000004*CITIN23368724157*A IRUDAYARAJ ALW--	TRANSFER FROM 4697198044309 / 	4430	 	6999.98	539298.90
25/05/2023	25/05/2023	   BY TRANSFER-INB IMPS314527066558/9999999999/XX0617/FlatG01Apt--	MAB001199638267          MAB001199638267          TRANSFER FROM 4898004162091 / 	99922	 	11617.00	550915.90
25/05/2023	25/05/2023	   BY TRANSFER-INB IMPS314525076862/9999999999/XX0617/FlatG02Apt--	MAD000310392367          MAD000310392367          TRANSFER FROM 4898004162091 / 	99922	 	8117.00	559032.90
26/05/2023	26/05/2023	CASH CHEQUE-self--452293	 / 452293	32295	11600.00	 	547432.90
26/05/2023	26/05/2023	TO DEBIT THROUGH CHEQUE-Chq No. 452294 SBI--452294	 / 452294	32295	8500.00	 	538932.90
26/05/2023	26/05/2023	TO DEBIT THROUGH CHEQUE-Chq No. 452296 SBI--452296	 / 452296	32295	1300.00	 	537632.90
26/05/2023	26/05/2023	TO DEBIT THROUGH CHEQUE-Chq No. 452297 SBI--452297	 / 452297	32295	4700.00	 	532932.90
29/05/2023	29/05/2023	   BY TRANSFER-INB IMPS314928024393/9999999999/XX0617/FlatT15Apt--	MAD000312194480          MAD000312194480          TRANSFER FROM 4597930162092 / 	99922	 	6989.00	539921.90
30/05/2023	30/05/2023	TO CLEARING-Chq No. 452280 KOT   SMARTERHOMES TECHNOLOGIE--452280	 / 452280	40743	22696.00	 	517225.90
30/05/2023	30/05/2023	   BY TRANSFER-UPI/CR/315032650010/ANKUR KU/HDFC/agarwalank/UPI--	TRANSFER FROM 4897733162090 / 	32295	 	6857.00	524082.90
30/05/2023	30/05/2023	   BY TRANSFER-INB IMPS315027053597/9999999999/XX0617/FlatS07Apt--	MAF000309176428          MAF000309176428          TRANSFER FROM 4897971162098 / 	99922	 	6428.00	530510.90
31/05/2023	31/05/2023	   BY TRANSFER-NEFT*CITI0000004*CITIN23373286748*KAPIL GARG*SBIN0--	TRANSFER FROM 3199677044304 / 	4430	 	6597.57	537108.47
31/05/2023	31/05/2023	   BY TRANSFER-NEFT*ICIC0SF0002*HS92315104039460*PAWAN SUBHASH*S9--	TRANSFER FROM 3199969044303 / 	4430	 	7200.00	544308.47
31/05/2023	31/05/2023	   BY TRANSFER-INB IMPS315126064025/9999999999/XX0617/FlatG12Apt--	MAE000282840154          MAE000282840154          TRANSFER FROM 4897986162091 / 	99922	 	6416.00	550724.47
31/05/2023	31/05/2023	   BY TRANSFER-NEFT*HDFC0000001*N151232481243555*ASHWIN PANDITH*G--	TRANSFER FROM 4697218044300 / 	4430	 	7550.00	558274.47

**This is a computer generated statement and does not require a signature