Account Number               :	_00000033001215401
Description                  :	CURRENT A/C - COLLECTION A/C
Name                         :	MANA PRISTINE FLAT OWNERS WELFARE ASSOCIATION               
Currency                     :	INR
Corporate Address            :	SY NO.31/38/6, CHIKKENAHALLI MAIN ROAD,OFF SARJAPUR ROAD
                              	
                              	BANGALORE
                              	KARNATAKA-560035
Branch                       :	KASAVANAHALLI(32295)
Rate of Interest (% p.a.)    :	0.0% 
IFS Code                     :	SBIN0032295
Book Balance                 :	318618.66
Available Balance            :	318618.66
Hold Value                   :	0.00
MOD Balance             :	0.00
Uncleared Amount             :	0.00
Balance on 1 Nov 2023        :	3,59,352.55
Start Date                   :	1 Nov 2023
End Date                     :	30 Nov 2023
Txn Date	Value Date	Description	Ref No./Cheque No.	Branch Code	        Debit	Credit	Balance	
01/11/2023	01/11/2023	   BY TRANSFER-NEFT*CITI0000004*CITIN23447309930*SAMRAT KAR*CBOL--	TRANSFER FROM 4697230044303 / 	4430	 	5500.00	364852.55
02/11/2023	02/11/2023	   BY TRANSFER-INB IMPS330628103225/9999999999/XX0617/FlatT06Apt--	MAL000004589510          MAL000004589510          TRANSFER FROM 4897992162093 / 	99922	 	6921.00	371773.55
06/11/2023	06/11/2023	   BY TRANSFER-NEFT*ICIC0SF0002*HS92331022121420*PRIYABRATA MOHAP--	TRANSFER FROM 3199969044303 / 	4430	 	11720.00	383493.55
06/11/2023	06/11/2023	CHEQUE WDL- r. D  RAJU--452389	TRANSFER FROM 32430881220                         Mr. D  RAJU / 452389	32295	15000.00	 	368493.55
06/11/2023	06/11/2023	CASH CHEQUE-CASH WITHDRAWAL BY CHQ--452393	 / 452393	32295	10000.00	 	358493.55
06/11/2023	06/11/2023	   BY TRANSFER-INB IMPS331021331073/9818529716/XX8627/IMPS Trans--	MAL000007120467          MAL000007120467          TRANSFER FROM 4897953162099 / 	99922	 	8060.00	366553.55
09/11/2023	09/11/2023	TO CLEARING-Chq No. 452386 BOB   BESCOM ASST EXE ENGG S 11--452386	 / 452386	40743	30649.00	 	335904.55
09/11/2023	09/11/2023	TO CLEARING-Chq No. 452390 FBL   AJITHANATHMULTIPURPOS--452390	 / 452390	40743	5000.00	 	330904.55
10/11/2023	10/11/2023	TO CLEARING-Chq No. 452385 AXS   OM SAI ENTERPRISES--452385	 / 452385	40743	6600.00	 	324304.55
12/11/2023	12/11/2023	   BY TRANSFER-NEFT*UTIB0000194*AXISCN0408431232*NOBROKER TECHNOL--	TRANSFER FROM 4697241044301 / 	4430	 	8779.00	333083.55
13/11/2023	13/11/2023	TO CLEARING-Chq No. 452392 AXS   KEDIA ARPANA  CO--452392	 / 452392	40743	40000.00	 	293083.55
13/11/2023	13/11/2023	   BY TRANSFER-INB Maintenance Carges--	IT00TAEUX7               TRANSFER FROM 10458393278                          MAJ PRASENJIT CHAKRAV / 	99922	 	8510.00	301593.55
13/11/2023	13/11/2023	   BY TRANSFER-NEFT*HDFC0000001*N317232737741061*DEBASIS GHOSHAL*--	TRANSFER FROM 3199422044305 / 	4430	 	10000.00	311593.55
13/11/2023	13/11/2023	   BY TRANSFER-NEFT*UTIB0000194*AXISCN0409447266*NOBROKER TECHNOL--	TRANSFER FROM 4697213044305 / 	4430	 	8687.00	320280.55
15/11/2023	15/11/2023	   BY TRANSFER-NEFT*CITI0000004*CITIN23453568475*MS. JEYARANI JEG--	TRANSFER FROM 4697220044305 / 	4430	 	4602.00	324882.55
16/11/2023	16/11/2023	   BY TRANSFER-NEFT*HDFC0000001*N320232740613580*ABHISHEK SHRAWAN--	TRANSFER FROM 4697215044303 / 	4430	 	20000.00	344882.55
16/11/2023	16/11/2023	   BY TRANSFER-NEFT*HDFC0000001*N320232740604471*ASHWIN PANDITH*G--	TRANSFER FROM 4697179044302 / 	4430	 	8575.00	353457.55
17/11/2023	17/11/2023	   BY TRANSFER-NEFT*UTIB0000194*AXISCN0412856603*NOBROKER TECHNOL--	TRANSFER FROM 4697192044305 / 	4430	 	8670.00	362127.55
17/11/2023	17/11/2023	TO CLEARING-Chq No. 452391 BOM   Mr  SUBODH  PRADHAN--452391	 / 452391	40743	3000.00	 	359127.55
17/11/2023	17/11/2023	TO CLEARING-Chq No. 452388 KOT   SMARTERHOMES TECHNOLOGIE--452388	 / 452388	40743	23830.00	 	335297.55
17/11/2023	17/11/2023	   BY TRANSFER-NEFT*UTIB0000194*AXISCN0413199552*NOBROKER TECHNOL--	TRANSFER FROM 3199411044308 / 	4430	 	8765.00	344062.55
17/11/2023	17/11/2023	   BY TRANSFER-NEFT*HDFC0000001*N321232743187358*VINYAS RAMACHAND--	TRANSFER FROM 3199423044304 / 	4430	 	8430.00	352492.55
18/11/2023	18/11/2023	CASH CHEQUE-CASH WITHDRAWAL BY CHQ--452400	 / 452400	32295	10000.00	 	342492.55
18/11/2023	18/11/2023	   BY TRANSFER-NEFT*UTIB0000194*AXISCN0414310885*NOBROKER TECHNOL--	TRANSFER FROM 3199417044302 / 	4430	 	8678.00	351170.55
18/11/2023	18/11/2023	   BY TRANSFER-NEFT*HDFC0000001*N322232744356229*RANJITH KUMAR RA--	TRANSFER FROM 4697200044308 / 	4430	 	20000.00	371170.55
19/11/2023	19/11/2023	   BY TRANSFER-NEFT*UTIB0000194*AXISCN0415157043*NOBROKER TECHNOL--	TRANSFER FROM 4697252044308 / 	4430	 	9193.00	380363.55
20/11/2023	20/11/2023	TO CLEARING-Chq No. 452387 BOB   SMITHA T--452387	 / 452387	40743	31600.00	 	348763.55
20/11/2023	20/11/2023	TO CLEARING-Chq No. 452399 PNB   YUVARAJ S--452399	 / 452399	40743	7000.00	 	341763.55
20/11/2023	20/11/2023	   BY TRANSFER-NEFT*ICIC0SF0002*HS92332423460432*DEVENDRA SINGH R--	TRANSFER FROM 4697252044308 / 	4430	 	11200.00	352963.55
20/11/2023	20/11/2023	   BY TRANSFER-NEFT*UTIB0000194*AXISCN0415978317*NOBROKER TECHNOL--	TRANSFER FROM 4697226044300 / 	4430	 	8546.00	361509.55
20/11/2023	20/11/2023	CHEQUE WDL-CHEQUE TRANSFER TO--452397	TRANSFER FROM 32430881220                         Mr. D  RAJU / 452397	825	7720.00	 	353789.55
20/11/2023	20/11/2023	   BY TRANSFER-NEFT*ICIC0SF0002*HS92332423474118*VENKATA KAUSHIK--	TRANSFER FROM 4697222044304 / 	4430	 	10772.00	364561.55
20/11/2023	20/11/2023	   BY TRANSFER-NEFT*UTIB0000194*AXISCN0416109675*NOBROKER TECHNOL--	TRANSFER FROM 3199677044304 / 	4430	 	9104.00	373665.55
20/11/2023	20/11/2023	   BY TRANSFER-NEFT*UTIB0000194*AXISCN0416217344*NOBROKER TECHNOL--	TRANSFER FROM 4697191044306 / 	4430	 	8702.00	382367.55
20/11/2023	20/11/2023	   BY TRANSFER-INB f16maintenancependingbal--	IT00TCCDY5               TRANSFER FROM 10209808020                         Mrs. SREEJA  SUDHARMA / 	99922	 	17146.11	399513.66
21/11/2023	21/11/2023	TO CLEARING-Chq No. 452394 AXS   MUNIREDDY A--452394	 / 452394	40743	17000.00	 	382513.66
21/11/2023	21/11/2023	TO CLEARING-Chq No. 452396 FBL   AJITHANATHMULTIPURPOS--452396	 / 452396	40743	7200.00	 	375313.66
23/11/2023	23/11/2023	TO CLEARING-Chq No. 452398 BOM   DIFESA SECURITY SERVICES--452398	 / 452398	40743	120360.00	 	254953.66
23/11/2023	23/11/2023	   BY TRANSFER-NEFT*HDFC0000001*N327232749976765*ROHIT SADANAND K--	TRANSFER FROM 3199964044308 / 	4430	 	8500.00	263453.66
24/11/2023	24/11/2023	   BY TRANSFER-NEFT*UTIB0000194*AXISCN0420447543*NOBROKER TECHNOL--	TRANSFER FROM 3199424044303 / 	4430	 	8996.00	272449.66
26/11/2023	26/11/2023	   BY TRANSFER-NEFT*HDFC0000001*N330232753296055*ABHISHEK G*Maint--	TRANSFER FROM 4697182044307 / 	4430	 	15312.00	287761.66
26/11/2023	26/11/2023	   BY TRANSFER-NEFT*UTIB0000194*AXISCN0422314418*NOBROKER TECHNOL--	TRANSFER FROM 4697248044304 / 	4430	 	8327.00	296088.66
26/11/2023	26/11/2023	   BY TRANSFER-NEFT*UTIB0000194*AXISCN0422315100*NOBROKER TECHNOL--	TRANSFER FROM 4697177044304 / 	4430	 	8731.00	304819.66
26/11/2023	26/11/2023	   BY TRANSFER-NEFT*UTIB0000194*AXISCN0422315261*NOBROKER TECHNOL--	TRANSFER FROM 3199413044306 / 	4430	 	12353.00	317172.66
26/11/2023	26/11/2023	   BY TRANSFER-NEFT*CITI0000004*CITIN23457013865*KAPIL GARG*SBIN0--	TRANSFER FROM 3199420044306 / 	4430	 	9219.00	326391.66
26/11/2023	26/11/2023	   BY TRANSFER-SBILT26112023141802732554-G10 maintenanc--	TRANSFER FROM 33028750866                         Mr. CIJO  JACOB / 	71104	 	9078.00	335469.66
26/11/2023	26/11/2023	   BY TRANSFER-NEFT*UTIB0000194*AXISCN0422343201*NOBROKER TECHNOL--	TRANSFER FROM 3199417044302 / 	4430	 	9102.00	344571.66
26/11/2023	26/11/2023	   BY TRANSFER-NEFT*ICIC0SF0002*HS92333023996226*SHAILESH SRIVAST--	TRANSFER FROM 4697201044308 / 	4430	 	15577.00	360148.66
26/11/2023	26/11/2023	   BY TRANSFER-NEFT*ICIC0SF0002*HS92333023997716*SURENDRANATH BEH--	TRANSFER FROM 3199958044305 / 	4430	 	8368.00	368516.66
27/11/2023	27/11/2023	   BY TRANSFER-NEFT*UTIB0000194*AXISCN0422566170*NOBROKER TECHNOL--	TRANSFER FROM 4697192044305 / 	4430	 	3689.00	372205.66
27/11/2023	27/11/2023	   BY TRANSFER-NEFT*UTIB0000194*AXISCN0423223637*NOBROKER TECHNOL--	TRANSFER FROM 3199679044302 / 	4430	 	9669.00	381874.66
27/11/2023	27/11/2023	   BY TRANSFER-NEFT*ICIC0SF0002*HS92333124039982*PAWAN SUBHASH*S9--	TRANSFER FROM 4697180044308 / 	4430	 	9100.00	390974.66
27/11/2023	27/11/2023	   BY TRANSFER-NEFT*UTIB0000194*AXISCN0423275359*NOBROKER TECHNOL--	TRANSFER FROM 4697214044304 / 	4430	 	8387.00	399361.66
27/11/2023	27/11/2023	   BY TRANSFER-NEFT*HSBC0560002*HSBCN23331917291*MR MADHUSOODANAN--	TRANSFER FROM 4697242044300 / 	4430	 	15628.00	414989.66
27/11/2023	27/11/2023	   BY TRANSFER-NEFT*UTIB0000194*AXISCN0423361296*NOBROKER TECHNOL--	TRANSFER FROM 4697212044306 / 	4430	 	8965.00	423954.66
27/11/2023	27/11/2023	   BY TRANSFER-NEFT*UTIB0000194*AXISCN0423390129*NOBROKER TECHNOL--	TRANSFER FROM 3199418044301 / 	4430	 	9675.00	433629.66
29/11/2023	29/11/2023	   BY TRANSFER-NEFT*YESB0000001*YESB33337853325*RZPX PVT LTD NODA--	TRANSFER FROM 4697249044303 / 	4430	 	8452.00	442081.66
29/11/2023	29/11/2023	   BY TRANSFER-INB IMPS333318641677/9999999999/XX0902/FlatG01 Ap--	MAO000013514134          MAO000013514134          TRANSFER FROM 4897982162095 / 	99922	 	12220.00	454301.66
30/11/2023	30/11/2023	   BY TRANSFER-INB IMPS333407641812/9999999999/XX0902/FlatS07 Ap--	MAP000011227961          MAP000011227961          TRANSFER FROM 4898003162092 / 	99922	 	8491.00	462792.66
30/11/2023	30/11/2023	   BY TRANSFER-INB IMPS333412919955/9999999999/XX0902/FlatS08 Ap--	MAM000012125947          MAM000012125947          TRANSFER FROM 4897992162093 / 	99922	 	9118.00	471910.66
30/11/2023	30/11/2023	   BY TRANSFER-NEFT*HDFC0000001*N334232760291460*BALAKRISHNAN KRI--	TRANSFER FROM 4697240044301 / 	4430	 	8637.00	480547.66

**This is a computer generated statement and does not require a signature