Account Number               :	_00000033001215401
Description                  :	CURRENT A/C - COLLECTION A/C
Name                         :	MANA PRISTINE FLAT OWNERS WELFARE ASSOCIATION               
Currency                     :	INR
Corporate Address            :	SY NO.31/38/6, CHIKKENAHALLI MAIN ROAD,OFF SARJAPUR ROAD
                              	
                              	BANGALORE
                              	KARNATAKA-560035
Branch                       :	KASAVANAHALLI(32295)
Rate of Interest (% p.a.)    :	0.0% 
IFS Code                     :	SBIN0032295
Book Balance                 :	318618.66
Available Balance            :	318618.66
Hold Value                   :	0.00
MOD Balance             :	0.00
Uncleared Amount             :	0.00
Balance on 1 Oct 2023        :	3,69,427.20
Start Date                   :	1 Oct 2023
End Date                     :	31 Oct 2023
Txn Date	Value Date	Description	Ref No./Cheque No.	Branch Code	        Debit	Credit	Balance	
01/10/2023	01/10/2023	   BY TRANSFER-NEFT*CITI0000004*CITIN23432313577*SAMRAT KAR*CBOL--	TRANSFER FROM 4697197044300 / 	4430	 	5500.00	374927.20
01/10/2023	01/10/2023	   BY TRANSFER-INB G13 Oct 2023--	IT00SMQHZ9               TRANSFER FROM 20069779779                         Mr. AJAI  BALACHANDRAN / 	99922	 	15000.00	389927.20
05/10/2023	05/10/2023	TO DEBIT THROUGH CHEQUE-Chq No. 452368 SBI--452368	 / 452368	32295	10400.00	 	379527.20
05/10/2023	05/10/2023	TO DEBIT THROUGH CHEQUE-Chq No. 452366 SBI--452366	 / 452366	32295	15000.00	 	364527.20
05/10/2023	05/10/2023	TO DEBIT THROUGH CHEQUE-Chq No. 452367 SBI--452367	 / 452367	32295	3600.00	 	360927.20
05/10/2023	05/10/2023	   BY TRANSFER-INB IMPS327815374797/9650328579/XX9242/F2 Mainten--	MAF000383458081          MAF000383458081          TRANSFER FROM 4898004162091 / 	99922	 	17020.00	377947.20
05/10/2023	05/10/2023	   BY TRANSFER-UPI/CR/327855248376/SHANTANU/HDFC/shantanusi/UPI--	TRANSFER FROM 4897735162098 / 	32295	 	13270.00	391217.20
06/10/2023	06/10/2023	TO CLEARING-Chq No. 452365 AXS   KEDIA ARPANA  CO--452365	 / 452365	40743	40000.00	 	351217.20
07/10/2023	07/10/2023	TO CLEARING-Chq No. 452373 AXS   OM SAI ENTERPRISES--452373	 / 452373	40743	6600.00	 	344617.20
07/10/2023	07/10/2023	   BY TRANSFER-INB Maintenance charges--	IT00SPBAB5               TRANSFER FROM 10458393278                          MAJ PRASENJIT CHAKRAV / 	99922	 	6072.00	350689.20
08/10/2023	08/10/2023	   BY TRANSFER-NEFT*ICIC0SF0002*HS92328119020340*SURENDRANATH BEH--	TRANSFER FROM 3199969044303 / 	4430	 	8218.00	358907.20
09/10/2023	09/10/2023	TO CLEARING-Chq No. 452369 FBL   AJITHANATHMULTIPURPOS--452369	 / 452369	40743	5000.00	 	353907.20
09/10/2023	09/10/2023	   BY TRANSFER-SBILT09102023093236520607-G10 maintenanc--	TRANSFER FROM 33028750866                         Mr. CIJO  JACOB / 	71104	 	2115.00	356022.20
10/10/2023	10/10/2023	   BY TRANSFER-INB IMPS328326129211/9999999999/XX0617/FlatF14Apt--	MAB001275653632          MAB001275653632          TRANSFER FROM 4897970162098 / 	99922	 	3728.00	359750.20
10/10/2023	10/10/2023	   BY TRANSFER-INB IMPS328326133144/9999999999/XX0617/FlatT10Apt--	MAB001275666242          MAB001275666242          TRANSFER FROM 4897964162097 / 	99922	 	6553.00	366303.20
11/10/2023	11/10/2023	   BY TRANSFER-NEFT*HDFC0000001*N284232683737898*ASHWIN PANDITH*G--	TRANSFER FROM 3199413044306 / 	4430	 	6845.00	373148.20
11/10/2023	11/10/2023	   BY TRANSFER-NEFT*CITI0000004*CITIN23436750402*VIVEK DHINGRA*SB--	TRANSFER FROM 4697232044302 / 	4430	 	10279.00	383427.20
12/10/2023	12/10/2023	TO CLEARING-Chq No. 452377 BOB   SMITHA T--452377	 / 452377	40743	31600.00	 	351827.20
12/10/2023	12/10/2023	   BY TRANSFER-INB T1 Prashant Maintenance--	IT00SQNQE5               TRANSFER FROM 20071385409                         Mr. PRASHANT  SIKDAR / 	99922	 	7643.00	359470.20
12/10/2023	12/10/2023	   BY TRANSFER-INB IMPS328528068792/9999999999/XX0617/FlatF09Apt--	MAA001409867042          MAA001409867042          TRANSFER FROM 4898001162094 / 	99922	 	6455.00	365925.20
12/10/2023	12/10/2023	   BY TRANSFER-NEFT*HDFC0000001*N285232686514866*ROHIT SADANAND K--	TRANSFER FROM 4697218044300 / 	4430	 	11087.00	377012.20
12/10/2023	12/10/2023	   BY TRANSFER-NEFT*HDFC0000001*N285232687269467*DEBASIS GHOSHAL*--	TRANSFER FROM 4697235044309 / 	4430	 	1734.00	378746.20
13/10/2023	13/10/2023	TO CLEARING-Chq No. 452370 BOM   Mr  SUBODH  PRADHAN--452370	 / 452370	40743	3000.00	 	375746.20
13/10/2023	13/10/2023	TO CLEARING-Chq No. 452371 BOM   Mr  SUBODH  PRADHAN--452371	 / 452371	40743	3000.00	 	372746.20
13/10/2023	13/10/2023	TO CLEARING-Chq No. 452375 AXS   MUNIREDDY A--452375	 / 452375	40743	15000.00	 	357746.20
13/10/2023	13/10/2023	   BY TRANSFER-NEFT*CITI0000004*CITIN23437633044*MS. JEYARANI JEG--	TRANSFER FROM 3199959044304 / 	4430	 	8289.00	366035.20
16/10/2023	16/10/2023	   BY TRANSFER-NEFT*ICIC0SF0002*HS92328919771805*PAWAN SUBHASH*NE--	TRANSFER FROM 4697174044307 / 	4430	 	7200.00	373235.20
16/10/2023	16/10/2023	   BY TRANSFER-INB IMPS328925050526/9999999999/XX0617/FlatT09Apt--	MAC001362274085          MAC001362274085          TRANSFER FROM 4897947162097 / 	99922	 	10000.00	383235.20
16/10/2023	16/10/2023	   BY TRANSFER-NEFT*CITI0000004*CITIN23438207666*VIMAL N K*SBIN00--	TRANSFER FROM 4697188044301 / 	4430	 	7060.00	390295.20
16/10/2023	16/10/2023	CASH CHEQUE-SELF--452382	 / 452382	32295	10000.00	 	380295.20
16/10/2023	16/10/2023	   BY TRANSFER-INB IMPS328917129344/9442827674/XX6747/G16ManaMai--	MAC001362543853          MAC001362543853          TRANSFER FROM 4897953162099 / 	99922	 	11390.00	391685.20
16/10/2023	16/10/2023	   BY TRANSFER-INB IMPS328925134611/9999999999/XX0617/FlatS11Apt--	MAA001412428243          MAA001412428243          TRANSFER FROM 4897958162094 / 	99922	 	6927.72	398612.92
18/10/2023	18/10/2023	TO CLEARING-Chq No. 452378 BOM   DIFESA SECURITY SERVICES--452378	 / 452378	40743	120360.00	 	278252.92
18/10/2023	18/10/2023	TO CLEARING-Chq No. 452379 KOT   SMARTERHOMES TECHNOLOGIE--452379	 / 452379	40743	23830.00	 	254422.92
18/10/2023	18/10/2023	   BY TRANSFER-UPI/CR/329109691525/ANKUR KU/HDFC/agarwalank/UPI--	TRANSFER FROM 4897734162099 / 	32295	 	7113.00	261535.92
18/10/2023	18/10/2023	   BY TRANSFER-INB IMPS329127046091/9999999999/XX0617/FlatF08Apt--	MAF000391792258          MAF000391792258          TRANSFER FROM 4897988162099 / 	99922	 	6298.00	267833.92
18/10/2023	18/10/2023	   BY TRANSFER-INB IMPS329128068938/9999999999/XX0617/FlatG02Apt--	MAC001363629093          MAC001363629093          TRANSFER FROM 4897981162096 / 	99922	 	7035.70	274869.62
18/10/2023	18/10/2023	   BY TRANSFER-INB IMPS329126081068/9999999999/XX0617/FlatG11Apt--	MAE000363659954          MAE000363659954          TRANSFER FROM 4897977162092 / 	99922	 	6728.00	281597.62
18/10/2023	18/10/2023	   BY TRANSFER-NEFT*HDFC0000001*N291232695030638*BALAKRISHNAN KRI--	TRANSFER FROM 3199415044304 / 	4430	 	6506.00	288103.62
19/10/2023	19/10/2023	   BY TRANSFER-INB IMPS329226005079/9999999999/XX0617/FlatS12Apt--	MAD000396727889          MAD000396727889          TRANSFER FROM 4597946162095 / 	99922	 	6975.00	295078.62
20/10/2023	20/10/2023	TO CLEARING-Chq No. 452374 BOB   BESCOM ASST EXE ENGG S 11--452374	 / 452374	40743	34660.00	 	260418.62
20/10/2023	20/10/2023	   BY TRANSFER-INB IMPS329326047798/9999999999/XX0617/FlatG14Apt--	MAC001364627957          MAC001364627957          TRANSFER FROM 4898005162090 / 	99922	 	6812.00	267230.62
23/10/2023	23/10/2023	TO CLEARING-Chq No. 452381 BOB   SMITHA T--452381	 / 452381	40743	10500.00	 	256730.62
24/10/2023	24/10/2023	   BY TRANSFER-INB IMPS329726040425/9999999999/XX0617/FlatT02Apt--	MAM000000931693          MAM000000931693          TRANSFER FROM 4897964162097 / 	99922	 	2902.00	259632.62
24/10/2023	24/10/2023	   BY TRANSFER-INB IMPS329727080676/9999999999/XX0617/FlatT05Apt--	MAK000001044831          MAK000001044831          TRANSFER FROM 4897966162095 / 	99922	 	11071.00	270703.62
24/10/2023	24/10/2023	   BY TRANSFER-INB IMPS329728090280/9999999999/XX0617/FlatG12Apt--	MAJ000001025218          MAJ000001025218          TRANSFER FROM 4897962162099 / 	99922	 	6350.00	277053.62
24/10/2023	24/10/2023	   BY TRANSFER-NEFT*CITI0000004*CITIN23441375360*KAPIL GARG*SBIN0--	TRANSFER FROM 3199675044306 / 	4430	 	6380.00	283433.62
25/10/2023	25/10/2023	   BY TRANSFER-INB IMPS329800889329/9363633430/XX5807/SOCIETY PA--	MAK000001229722          MAK000001229722          TRANSFER FROM 4897983162094 / 	99922	 	12110.00	295543.62
25/10/2023	25/10/2023	   BY TRANSFER-INB IMPS329825014015/9999999999/XX0617/FlatF15Apt--	MAN000001286921          MAN000001286921          TRANSFER FROM 4597943162098 / 	99922	 	7748.00	303291.62
25/10/2023	25/10/2023	   BY TRANSFER-INB IMPS329827042047/9999999999/XX0617/FlatT15Apt--	MAP000001188582          MAP000001188582          TRANSFER FROM 4897984162093 / 	99922	 	7112.00	310403.62
25/10/2023	25/10/2023	   BY TRANSFER-INB IMPS329825103336/9999999999/XX0617/FlatS04Apt--	MAI000001379256          MAI000001379256          TRANSFER FROM 4897989162098 / 	99922	 	6474.00	316877.62
26/10/2023	26/10/2023	TO CLEARING-Chq No. 452384 FBL   AJITHANATHMULTIPURPOS--452384	 / 452384	40743	15000.00	 	301877.62
26/10/2023	26/10/2023	   BY TRANSFER-INB IMPS329928071800/9999999999/XX0617/FlatG07Apt--	MAO000002039747          MAO000002039747          TRANSFER FROM 4898003162092 / 	99922	 	7409.00	309286.62
27/10/2023	27/10/2023	   BY TRANSFER-INB IMPS330027037360/9999999999/XX0617/FlatT13Apt--	MAP000001960806          MAP000001960806          TRANSFER FROM 4597950162098 / 	99922	 	6365.00	315651.62
27/10/2023	27/10/2023	   BY TRANSFER-INB IMPS330026112667/9999999999/XX0617/FlatT04Apt--	MAJ000002372714          MAJ000002372714          TRANSFER FROM 4597952162097 / 	99922	 	7921.00	323572.62
28/10/2023	28/10/2023	   BY TRANSFER-INB IMPS330126125015/9999999999/XX0617/FlatT08Apt--	MAM000002798113          MAM000002798113          TRANSFER FROM 4597955162094 / 	99922	 	2096.00	325668.62
30/10/2023	30/10/2023	   BY TRANSFER-NEFT*HDFC0000001*N303232708370604*VINYAS RAMACHAND--	TRANSFER FROM 3199417044302 / 	4430	 	6566.00	332234.62
31/10/2023	31/10/2023	   BY TRANSFER-INB IMPS330426016573/9999999999/XX0617/FlatS08Apt--	MAN000003888449          MAN000003888449          TRANSFER FROM 4897970162098 / 	99922	 	6671.80	338906.42
31/10/2023	31/10/2023	   BY TRANSFER-INB IMPS330428033403/9999999999/XX0617/FlatS07Apt--	MAN000003939762          MAN000003939762          TRANSFER FROM 4897964162097 / 	99922	 	6185.13	345091.55
31/10/2023	31/10/2023	   BY TRANSFER-NEFT*KKBK0000958*KKBKH23304980518*VIRAL SHAILESHBH--	TRANSFER FROM 4697197044300 / 	4430	 	6261.00	351352.55
31/10/2023	31/10/2023	   BY TRANSFER-INB IMPS330415373884/7349095255/XX4695/Maintenenc--	MAJ000003857617          MAJ000003857617          TRANSFER FROM 4897974162095 / 	99922	 	8000.00	359352.55

**This is a computer generated statement and does not require a signature