Account Number               :	_00000033001215401
Description                  :	CURRENT A/C - COLLECTION A/C
Name                         :	MANA PRISTINE FLAT OWNERS WELFARE ASSOCIATION               
Currency                     :	INR
Corporate Address            :	SY NO.31/38/6, CHIKKENAHALLI MAIN ROAD,OFF SARJAPUR ROAD
                              	
                              	BANGALORE
                              	KARNATAKA-560035
Branch                       :	KASAVANAHALLI(32295)
Rate of Interest (% p.a.)    :	0.0% 
IFS Code                     :	SBIN0032295
Book Balance                 :	344617.20
Available Balance            :	344617.20
Hold Value                   :	0.00
MOD Balance             :	0.00
Uncleared Amount             :	0.00
Balance on 1 Sep 2023        :	2,86,178.99
Start Date                   :	1 Sep 2023
End Date                     :	30 Sep 2023
Txn Date	Value Date	Description	Ref No./Cheque No.	Branch Code	        Debit	Credit	Balance	
01/09/2023	01/09/2023	   BY TRANSFER-NEFT*CITI0000004*CITIN23418010419*SAMRAT KAR*CBOL--	TRANSFER FROM 4697224044302 / 	4430	 	5500.00	291678.99
01/09/2023	01/09/2023	TO CLEARING-Chq No. 452347 CHB   KONE ELEVATOR INDIA PVT L--452347	 / 452347	40743	60453.00	 	231225.99
01/09/2023	01/09/2023	TO CLEARING-Chq No. 452348 CHB   KONE ELEVATOR INDIA PVT L--452348	 / 452348	40743	1864.00	 	229361.99
01/09/2023	01/09/2023	   BY TRANSFER-INB IMPS324418193553/9342529433/XX9964/T8MaintFee--	MAB001251648473          MAB001251648473          TRANSFER FROM 4597954162095 / 	99922	 	9273.23	238635.22
02/09/2023	02/09/2023	   BY TRANSFER-NEFT*CITI0000004*CITIN23418505852*A IRUDAYARAJ ALW--	TRANSFER FROM 4697254044306 / 	4430	 	5454.00	244089.22
02/09/2023	02/09/2023	   BY TRANSFER-INB IMPS324525052424/9999999999/XX0617/FlatS07Apt--	MAB001252642798          MAB001252642798          TRANSFER FROM 4597957162092 / 	99922	 	4780.00	248869.22
03/09/2023	03/09/2023	   BY TRANSFER-INB IMPS324609289866/9442827674/XX6747/G16AugEndD--	MAE000335393975          MAE000335393975          TRANSFER FROM 4898041162097 / 	99922	 	11219.00	260088.22
05/09/2023	05/09/2023	   BY TRANSFER-NEFT*ICIC0SF0002*HS92324815239954*MANAS DASGUPTA*--	TRANSFER FROM 4697226044300 / 	4430	 	7506.00	267594.22
07/09/2023	07/09/2023	   BY TRANSFER-NEFT*CITI0000004*CITIN23421388484*RENU R*SBIN00156--	TRANSFER FROM 4697245044307 / 	4430	 	15000.00	282594.22
08/09/2023	08/09/2023	   BY TRANSFER-NEFT*ICIC0SF0002*HS92325115634703*DEVENDRA SINGH R--	TRANSFER FROM 4697184044305 / 	4430	 	13100.00	295694.22
08/09/2023	08/09/2023	   BY TRANSFER-NEFT*HDFC0000001*N251232632391597*VINYAS RAMACHAND--	TRANSFER FROM 4697195044302 / 	4430	 	9299.00	304993.22
08/09/2023	08/09/2023	TO CLEARING-Chq No. 452352 AXS   OM SAI ENTERPRISES--452352	 / 452352	40743	6600.00	 	298393.22
08/09/2023	08/09/2023	   BY TRANSFER-NEFT*HDFC0000001*N251232633762889*DEBASIS GHOSHAL*--	TRANSFER FROM 3199417044302 / 	4430	 	10000.00	308393.22
08/09/2023	08/09/2023	   BY TRANSFER-NEFT*ICIC0SF0002*HS92325115730777*PRIYABRATA MOHAP--	TRANSFER FROM 4697236044308 / 	4430	 	9243.79	317637.01
09/09/2023	09/09/2023	   BY TRANSFER-NEFT*ICIC0SF0002*HS92325215760973*SURENDRANATH BEH--	TRANSFER FROM 4697244044308 / 	4430	 	4429.66	322066.67
09/09/2023	09/09/2023	   BY TRANSFER-INB T1PrashantMaintenance--	IT00SGIIP5               TRANSFER FROM 20071385409                         Mr. PRASHANT  SIKDAR / 	99922	 	5721.00	327787.67
10/09/2023	10/09/2023	   BY TRANSFER-NEFT*HDFC0000001*N253232635584720*RAHUL KUMAR*Main--	TRANSFER FROM 4697241044301 / 	4430	 	11000.00	338787.67
11/09/2023	11/09/2023	   BY TRANSFER-NEFT*CITI0000004*CITIN23422183143*KAPIL GARG*SBIN0--	TRANSFER FROM 4697243044309 / 	4430	 	11041.41	349829.08
11/09/2023	11/09/2023	CHEQUE WDL- TRF TO RAJU D--452355	TRANSFER FROM 32430881220                         Mr. D  RAJU / 452355	32295	15000.00	 	334829.08
12/09/2023	12/09/2023	   BY TRANSFER-NEFT*HDFC0000001*N255232638037981*ASHWIN PANDITH*G--	TRANSFER FROM 3199423044304 / 	4430	 	9400.00	344229.08
12/09/2023	12/09/2023	   BY TRANSFER-NEFT*ICIC0SF0002*HS92325516109908*MALINI BALASUBRA--	TRANSFER FROM 3199967044305 / 	4430	 	11858.00	356087.08
13/09/2023	13/09/2023	TO CLEARING-Chq No. 452361 AXS   MUNIREDDY A--452361	 / 452361	40743	25500.00	 	330587.08
13/09/2023	13/09/2023	   BY TRANSFER-INB Maintenance charges--	IT00SHLMQ1               TRANSFER FROM 10458393278                          MAJ PRASENJIT CHAKRAV / 	99922	 	4362.00	334949.08
13/09/2023	13/09/2023	CHEQUE WDL- TR TO 20344301203--452363	TRANSFER FROM 20344301203                         Mr. M  SUBRAMANAYAM / 452363	32295	9000.00	 	325949.08
14/09/2023	14/09/2023	TO CLEARING-Chq No. 452353 BOB   SMITHA T--452353	 / 452353	40743	31600.00	 	294349.08
14/09/2023	14/09/2023	TO CLEARING-Chq No. 452354 BOB   SMITHA T--452354	 / 452354	40743	22700.00	 	271649.08
14/09/2023	14/09/2023	TO CLEARING-Chq No. 452356 FBL   AJITHANATHMULTIPURPOS--452356	 / 452356	40743	5000.00	 	266649.08
14/09/2023	14/09/2023	   BY TRANSFER-INB IMPS325725117028/9999999999/XX0617/FlatG11Apt--	MAA001394123245          MAA001394123245          TRANSFER FROM 4898003162092 / 	99922	 	4764.00	271413.08
15/09/2023	15/09/2023	TO CLEARING-Chq No. 452360 KOT   SMARTERHOMES TECHNOLOGIE--452360	 / 452360	40743	23830.00	 	247583.08
15/09/2023	15/09/2023	CASH CHEQUE-SELF--452358	 / 452358	32295	10000.00	 	237583.08
15/09/2023	15/09/2023	   BY TRANSFER-NEFT*ICIC0SF0002*HS92325816422354*PAWAN SUBHASH*NE--	TRANSFER FROM 4697208044301 / 	4430	 	5015.00	242598.08
15/09/2023	15/09/2023	   BY TRANSFER-UPI/CR/325828167636/ANKUR KU/HDFC/agarwalank/UPI--	TRANSFER FROM 4897736162097 / 	32295	 	4851.00	247449.08
15/09/2023	15/09/2023	   BY TRANSFER-INB MBS F8 maintenance--	UTC4479214               TRANSFER FROM 20074524190                         Mr. SREEJITH  MENON / 	99922	 	4568.00	252017.08
16/09/2023	16/09/2023	TO CLEARING-Chq No. 452357 BOM   DIFESA SECURITY SERVICES--452357	 / 452357	40743	120360.00	 	131657.08
16/09/2023	16/09/2023	   BY TRANSFER-INB IMPS325928024352/9999999999/XX0617/FlatF09Apt--	MAE000343373568          MAE000343373568          TRANSFER FROM 4898028162094 / 	99922	 	4380.00	136037.08
16/09/2023	16/09/2023	   BY TRANSFER-INB IMPS325925034784/9999999999/XX0617/FlatT10Apt--	MAC001345097984          MAC001345097984          TRANSFER FROM 4597958162091 / 	99922	 	4317.00	140354.08
16/09/2023	16/09/2023	   BY TRANSFER-INB IMPS325928069744/9999999999/XX0617/FlatG12Apt--	MAE000343637065          MAE000343637065          TRANSFER FROM 4597955162094 / 	99922	 	4314.00	144668.08
16/09/2023	16/09/2023	   BY TRANSFER-INB IMPS325926070539/9999999999/XX0617/FlatT15Apt--	MAD000376414335          MAD000376414335          TRANSFER FROM 4898026162096 / 	99922	 	5050.00	149718.08
16/09/2023	16/09/2023	   BY TRANSFER-NEFT*HSBC0560002*HSBCN23259915382*MR MADHUSOODANAN--	TRANSFER FROM 3199966044306 / 	4430	 	14270.00	163988.08
16/09/2023	16/09/2023	   BY TRANSFER-NEFT*CITI0000004*CITIN23424306397*NISHANT UPADHYAY--	TRANSFER FROM 4697175044306 / 	4430	 	26271.00	190259.08
16/09/2023	16/09/2023	   BY TRANSFER-INB IMPS325926086704/9999999999/XX0617/FlatT02Apt--	MAB001261847328          MAB001261847328          TRANSFER FROM 4597957162092 / 	99922	 	17048.00	207307.08
17/09/2023	17/09/2023	   BY TRANSFER-NEFT*CITI0000004*CITIN23424411277*VIMAL N K*SBIN00--	TRANSFER FROM 3199955044308 / 	4430	 	10311.00	217618.08
17/09/2023	17/09/2023	   BY TRANSFER-INB IMPS326026049139/9999999999/XX0617/FlatF14Apt--	MAC001345784203          MAC001345784203          TRANSFER FROM 4898042162096 / 	99922	 	6340.00	223958.08
17/09/2023	17/09/2023	   BY TRANSFER-INB IMPS326026060402/9999999999/XX0617/FlatF13Apt--	MAF000372506423          MAF000372506423          TRANSFER FROM 4898045162093 / 	99922	 	5842.84	229800.92
17/09/2023	17/09/2023	   BY TRANSFER-INB IMPS326027060537/9999999999/XX0617/FlatF13Apt--	MAD000376968078          MAD000376968078          TRANSFER FROM 4597960162097 / 	99922	 	6805.77	236606.69
17/09/2023	17/09/2023	   BY TRANSFER-INB IMPS326026060701/9999999999/XX0617/FlatF13Apt--	MAB001262270035          MAB001262270035          TRANSFER FROM 4898044162094 / 	99922	 	6431.59	243038.28
17/09/2023	17/09/2023	   BY TRANSFER-INB IMPS326026060893/9999999999/XX0617/FlatS13Apt--	MAD000376970401          MAD000376970401          TRANSFER FROM 4898033162097 / 	99922	 	4323.04	247361.32
17/09/2023	17/09/2023	   BY TRANSFER-INB IMPS326028061066/9999999999/XX0617/FlatS13Apt--	MAC001345857263          MAC001345857263          TRANSFER FROM 4597960162097 / 	99922	 	5126.32	252487.64
17/09/2023	17/09/2023	   BY TRANSFER-INB IMPS326027061130/9999999999/XX0617/FlatS13Apt--	MAD000376972031          MAD000376972031          TRANSFER FROM 4597961162097 / 	99922	 	4798.87	257286.51
18/09/2023	18/09/2023	   BY TRANSFER-NEFT*HDFC0000001*N261232646622858*ABHISHEK G*Maint--	TRANSFER FROM 4697245044307 / 	4430	 	9594.03	266880.54
18/09/2023	18/09/2023	   BY TRANSFER-NEFT*ICIC0SF0002*HS92326116584997*MANAS DASGUPTA*S--	TRANSFER FROM 4697230044303 / 	4430	 	15595.00	282475.54
18/09/2023	18/09/2023	   BY TRANSFER-INB IMPS326126078843/9999999999/XX0617/FlatG07Apt--	MAF000373174025          MAF000373174025          TRANSFER FROM 4897958162094 / 	99922	 	5059.00	287534.54
18/09/2023	18/09/2023	   BY TRANSFER-INB IMPS326125091345/9999999999/XX0617/FlatG14Apt--	MAD000377735531          MAD000377735531          TRANSFER FROM 4897947162097 / 	99922	 	4801.00	292335.54
19/09/2023	19/09/2023	   BY TRANSFER-INB IMPS326227021677/9999999999/XX0617/FlatS02Apt--	MAA001396593886          MAA001396593886          TRANSFER FROM 4897969162092 / 	99922	 	12259.00	304594.54
19/09/2023	19/09/2023	   BY TRANSFER-INB IMPS326228027780/9999999999/XX0617/FlatT04Apt--	MAB001263265691          MAB001263265691          TRANSFER FROM 4897972162097 / 	99922	 	10987.00	315581.54
19/09/2023	19/09/2023	   BY TRANSFER-INB Maintenance charges--	IT00SJBAW1               TRANSFER FROM 10458393278                          MAJ PRASENJIT CHAKRAV / 	99922	 	338.00	315919.54
19/09/2023	19/09/2023	   BY TRANSFER-NEFT*KKBK0000958*KKBKH23262869326*VIRAL SHAILESHBH--	TRANSFER FROM 4697212044306 / 	4430	 	5161.45	321080.99
19/09/2023	19/09/2023	   BY TRANSFER-INB G13 Sep 2023--	IT00SJBSP1               TRANSFER FROM 20069779779                         Mr. AJAI  BALACHANDRAN / 	99922	 	10000.00	331080.99
19/09/2023	19/09/2023	   BY TRANSFER-NEFT*CITI0000004*CITIN23425189991*MS. JEYARANI JEG--	TRANSFER FROM 4697191044306 / 	4430	 	4833.00	335913.99
19/09/2023	19/09/2023	   BY TRANSFER-NEFT*HSBC0560002*HSBCN23262268836*MR SREENATH KOTT--	TRANSFER FROM 3199410044308 / 	4430	 	9000.00	344913.99
19/09/2023	19/09/2023	   BY TRANSFER-NEFT*HSBC0560002*HSBCN23262268986*MR SREENATH KOTT--	TRANSFER FROM 4697175044306 / 	4430	 	20000.00	364913.99
20/09/2023	20/09/2023	   BY TRANSFER-INB IMPS326326001434/9999999999/XX0617/FlatF14Apt--	MAF000373910319          MAF000373910319          TRANSFER FROM 4597943162098 / 	99922	 	6037.00	370950.99
20/09/2023	20/09/2023	TO CLEARING-Chq No. 452362 BOB   BESCOM ASST EXE ENGG S 11--452362	 / 452362	40743	33420.00	 	337530.99
20/09/2023	20/09/2023	   BY TRANSFER-INB IMPS326327012012/9999999999/XX0617/FlatS07Apt--	MAD000378424785          MAD000378424785          TRANSFER FROM 4897987162090 / 	99922	 	4820.87	342351.86
20/09/2023	20/09/2023	   BY TRANSFER-INB IMPS326328013933/9999999999/XX0617/FlatS03Apt--	MAD000378446069          MAD000378446069          TRANSFER FROM 4597940162090 / 	99922	 	17723.00	360074.86
20/09/2023	20/09/2023	   BY TRANSFER-INB IMPS326326014914/9999999999/XX0617/FlatS08Apt--	MAE000345682084          MAE000345682084          TRANSFER FROM 4897983162094 / 	99922	 	5627.20	365702.06
20/09/2023	20/09/2023	   BY TRANSFER-NEFT*HDFC0000001*N263232650178508*BALAKRISHNAN KRI--	TRANSFER FROM 4697190044306 / 	4430	 	5375.00	371077.06
21/09/2023	21/09/2023	TO CLEARING-Chq No. 452338 FBL   CHANDRAKUMAR--452338	 / 452338	40743	20400.00	 	350677.06
21/09/2023	21/09/2023	TO CLEARING-Chq No. 452359 FBL   CHANDRAKUMAR--452359	 / 452359	40743	18000.00	 	332677.06
21/09/2023	21/09/2023	   BY TRANSFER-INB IMPS326427066145/9999999999/XX0617/FlatG02Apt--	MAD000379686409          MAD000379686409          TRANSFER FROM 4597946162095 / 	99922	 	6468.00	339145.06
21/09/2023	21/09/2023	   BY TRANSFER-NEFT*ICIC0SF0002*HS92326416885908*SHAILESH SRIVAST--	TRANSFER FROM 3199423044304 / 	4430	 	4832.00	343977.06
22/09/2023	22/09/2023	   BY TRANSFER-INB MBS maintenance F8--	UTC4622041               TRANSFER FROM 20074524190                         Mr. SREEJITH  MENON / 	99922	 	381.00	344358.06
22/09/2023	22/09/2023	   BY TRANSFER-INB IMPS326526084833/9999999999/XX0617/FlatS12Apt--	MAB001264832288          MAB001264832288          TRANSFER FROM 4898005162090 / 	99922	 	10204.00	354562.06
23/09/2023	23/09/2023	   BY TRANSFER-INB IMPS326615137123/9342529433/XX9964/T8MainFeeA--	MAA001398592774          MAA001398592774          TRANSFER FROM 4898019162095 / 	99922	 	4757.14	359319.20
23/09/2023	23/09/2023	   BY TRANSFER-INB IMPS326625118527/9999999999/XX0617/FlatG01Apt--	MAE000348277731          MAE000348277731          TRANSFER FROM 4898039162091 / 	99922	 	5579.00	364898.20
24/09/2023	24/09/2023	   BY TRANSFER-INB IMPS326710990054/9006212132/XX9097/OthersMain--	MAD000381168407          MAD000381168407          TRANSFER FROM 4898046162092 / 	99922	 	4529.00	369427.20

**This is a computer generated statement and does not require a signature